
				Corte de Estado de Cuenta
	CUENTA:	0002630052				NOMBRE:	GRAFICAS IMPACTO GRAFIMPAC S A
	PERIODO:	ACTUALDesde  01/10/2021  Hasta  31/10/2021
	ASESOR ASIGNADO:	ESTHER ARAGUNDI G

	SALDO:	$760,732.39		SALDO DISPONIBLE:	$710,871.24		SALDO FINAL POR CONFIRMAR:	$49,861.15

#	Fecha Transaccion	Fecha Contable	Tipo Movimiento	Documento	Concepto	Agencia	Monto	Saldo Efectivo	Saldo Total	Referencia	Referencia 2	Referencia 3	Signo	Ver Detalle
1	29/10/2021	29/10/2021	NOTA DE CREDITO	211029017774453	INT.CTA.RENTABLE	MATRIZ	$368.55	$231,890.65	$295,613.20				+	Ver Detalle
2	29/10/2021	29/10/2021	NOTA DE DEBITO	211029088162369	RENDIMIENTO 2 PORCIENTO	MATRIZ	$7.37	$231,522.10	$295,244.65				-	Ver Detalle
3	29/10/2021	29/10/2021	NOTA DE DEBITO	1029337498028	COMIS.SPI PROVEEDORES	MATRIZ	$98.71	$231,529.47	$295,252.02	0	COMISIONES CASH BG DE: 2021-10-01 A 2021-10-29		-	Ver Detalle
4	29/10/2021	29/10/2021	NOTA DE DEBITO	1029337498028	IMP 12% IVA SERVICIOS	MATRIZ	$11.84	$231,628.18	$295,350.73	0	COMISIONES CASH BG DE: 2021-10-01 A 2021-10-29		-	Ver Detalle
5	29/10/2021	29/10/2021	NOTA DE DEBITO	1029888764871	TARIFA PAGO/NOMINA	MATRIZ	$140.58	$231,640.02	$295,362.57	0	COMISIONES CASH BG DE: 2021-10-01 A 2021-10-29		-	Ver Detalle
6	29/10/2021	29/10/2021	NOTA DE DEBITO	1029888764871	IMP 12% IVA SERVICIOS	MATRIZ	$16.87	$231,780.60	$295,503.15	0	COMISIONES CASH BG DE: 2021-10-01 A 2021-10-29		-	Ver Detalle
7	29/10/2021	29/10/2021	NOTA DE DEBITO	1029442261881	COSTO ROL ELECTRONICO	MATRIZ	$35.71	$231,797.47	$295,520.02	0	COMISIONES CASH BG DE: 2021-10-01 A 2021-10-29		-	Ver Detalle
8	29/10/2021	29/10/2021	NOTA DE DEBITO	1029442261881	IMP 12% IVA SERVICIOS	MATRIZ	$4.29	$231,833.18	$295,555.73	0	COMISIONES CASH BG DE: 2021-10-01 A 2021-10-29		-	Ver Detalle
9	29/10/2021	29/10/2021	NOTA DE DEBITO	1029810673617	COMIS.PGO.PROVEEDORES	MATRIZ	$19.50	$231,837.47	$295,560.02	0	COMISIONES CASH BG DE: 2021-10-01 A 2021-10-29		-	Ver Detalle
10	29/10/2021	29/10/2021	NOTA DE DEBITO	1029810673617	IMP 12% IVA SERVICIOS	MATRIZ	$2.34	$231,856.97	$295,579.52	0	COMISIONES CASH BG DE: 2021-10-01 A 2021-10-29		-	Ver Detalle
11	29/10/2021	29/10/2021	CHEQUE	158151	PAGADO                                   - 158151	CITY MALL	$450.00	$231,859.31	$295,581.86	C 0940830631    CATAGUA CATAGUA VICTOR FELIPE			-	Ver Detalle
12	29/10/2021	29/10/2021	CHEQUE	158159	PAGADO                                   - 158159	PS.VIA DAULE	$384.15	$232,309.31	$296,031.86	C 0950566042    ESCOBAR CASTILLO WILSON ARMANDO			-	Ver Detalle
13	29/10/2021	29/10/2021	CHEQUE	158164	PAGADO                                   - 158164	P.CALIFOR	$222.32	$232,693.46	$296,416.01	C 0953987401    VELEZ GILBERT JUAN REYNALDO			-	Ver Detalle
14	29/10/2021	29/10/2021	CHEQUE	158161	PAGADO                                   - 158161	PS.DURAN	$226.44	$232,915.78	$296,638.33	C 0927718890    GURUMENDI CRUZ ALEXIS GEOVANNY			-	Ver Detalle
15	29/10/2021	29/10/2021	CHEQUE	158168	PAGADO                                   - 158168	PS.VIA DAULE	$455.50	$233,142.22	$296,864.77	C 0927254730    TUBAY GRANADOS ALEXIS JESUS			-	Ver Detalle
16	29/10/2021	29/10/2021	CHEQUE	158157	PAGADO                                   - 158157	PS.VIA DAULE	$225.61	$233,597.72	$297,320.27	C 0954884243    BARZOLA CARDENAS JHON BYRON			-	Ver Detalle
17	29/10/2021	29/10/2021	CHEQUE	158153	PAGADO                                   - 158153	A. BORJA	$210.00	$233,823.33	$297,545.88	C 0605830280    CHIMBOLEMA TENEGUSNAY CRISTIAN BLADIMIR			-	Ver Detalle
18	29/10/2021	29/10/2021	NOTA DE CREDITO	1029115051017	PAGO A TERCEROS	MATRIZ	$1,935.44	$234,033.33	$297,755.88	878921620	CARTULINA VERDE OLIPACK S A	FACT 75238	+	Ver Detalle
19	29/10/2021	29/10/2021	CHEQUE	158156	TRANSFERIDO                              - 158156	PUERTO MARITIMO	$3,859.07	$232,097.89	$295,820.44				-	Ver Detalle
20	29/10/2021	29/10/2021	NOTA DE CREDITO	211029075627839	CRED.TRANSF.INTERBANCARIAS	MATRIZ	$28,642.28	$235,956.96	$299,679.51	EXPORTADORA TOT	GRAFICAS IMPACTO GRAFIMPAC S.A.- CANCELACION FACT # 76363-76	006999934 000012234 20211029 131153 020353	+	Ver Detalle
21	29/10/2021	29/10/2021	NOTA DE CREDITO	211029007513864	CRED.TRANSF.INTERBANCARIAS	MATRIZ	$4,368.39	$207,314.68	$271,037.23	COFIMAR	F76366	006999934 000000034 20211029 131153 018827	+	Ver Detalle
22	29/10/2021	29/10/2021	NOTA DE CREDITO	211029051842083	CRED.TRANSF.INTERBANCARIAS	MATRIZ	$5,469.23	$202,946.29	$266,668.84	EXPORTADORA TOT	GRAFICAS IMPACTO GRAFIMPAC S.A. -CANCELACION FACT # 75983 OC	006999934 000012216 20211029 131153 020350	+	Ver Detalle
23	29/10/2021	29/10/2021	NOTA DE DEBITO	1029613513038	CP:0000074087143	MATRIZ	$6,649.16	$197,477.06	$261,199.61	74087143		28102021	-	Ver Detalle
24	29/10/2021	29/10/2021	NOTA DE DEBITO	1029031306739	SUELDO GRAFIMPAC S.A.	MATRIZ	$25,676.48	$204,126.22	$267,848.77	74083509		29102021	-	Ver Detalle
25	29/10/2021	29/10/2021	NOTA DE DEBITO	1029117071972	SUELDO GRAFIMPAC S.A.	MATRIZ	$29,136.40	$229,802.70	$293,525.25	74083291		29102021	-	Ver Detalle
26	29/10/2021	29/10/2021	NOTA DE DEBITO	1029086044897	DEBITO ROL ELECTRONICO	MATRIZ	$9,061.71	$258,939.10	$322,661.65	74082252		29102021	-	Ver Detalle
27	29/10/2021	29/10/2021	DEPOSITO	141914	LOCALES	MATRIZ	$57,111.59	$268,000.81	$331,723.36	29572038	029102021084257	Lot:29572038,UT:MARINA ALVARADO-000360	+	Ver Detalle
28	29/10/2021	29/10/2021	DEPOSITO	437152	LOCALES	MATRIZ	$6,610.96	$268,000.81	$274,611.77	29572008	029102021083744	Lot:29572008,UT:MARINA ALVARADO-000360	+	Ver Detalle
29	28/10/2021	29/10/2021	CHEQUE	158145	CAMARA                                   - 158145	MATRIZ	$239.00	$268,000.81	$268,000.81				-	Ver Detalle
30	28/10/2021	28/10/2021	NOTA DE DEBITO	1028178449490	CP:0000073984873	MATRIZ	$127,843.19	$239,902.43	$268,239.81	73984873		28102021	-	Ver Detalle
31	28/10/2021	28/10/2021	NOTA DE CREDITO	211028039656649	DEVOL.TRANSF.INTERBANCARIA	MATRIZ	$3,550.00	$367,745.62	$396,083.00	MAERSK DEL ECUADOR CA	BANCO CITIBANK                                                                                 14 16	006992838 000005021 20211028 130653 000000	+	Ver Detalle
32	28/10/2021	28/10/2021	CHEQUE	158149	PAGADO                                   - 158149	PS.VIA DAULE	$943.53	$364,195.62	$392,533.00	C 0915760359    OJEDA RAMIREZ JUAN MANUEL			-	Ver Detalle
33	28/10/2021	28/10/2021	NOTA DE DEBITO	1028447171396	CP:0000073938730	MATRIZ	$550.00	$365,139.15	$393,476.53	73938730		28102021	-	Ver Detalle
34	28/10/2021	28/10/2021	NOTA DE DEBITO	1028121732935	CP:0000073934832	MATRIZ	$2,672.39	$365,689.15	$394,026.53	73934832		001026000293508	-	Ver Detalle
35	28/10/2021	28/10/2021	NOTA DE DEBITO	1028550446802	CP:0000073919643	MATRIZ	$400,000.00	$368,361.54	$396,698.92	73919643		28102021	-	Ver Detalle
36	28/10/2021	28/10/2021	NOTA DE DEBITO	1028740494878	CP:0000073882609	MATRIZ	$1,022.18	$768,361.54	$796,698.92	73882609		27102021	-	Ver Detalle
37	28/10/2021	28/10/2021	NOTA DE DEBITO	1028752355247	CP:0000073882316	MATRIZ	$1,125.30	$769,383.72	$797,721.10	73882316		27102021	-	Ver Detalle
38	28/10/2021	28/10/2021	NOTA DE DEBITO	1028261125175	CP:0000073882040	MATRIZ	$3,550.00	$770,509.02	$798,846.40	73882040		27102021	-	Ver Detalle
39	28/10/2021	28/10/2021	NOTA DE DEBITO	1028896018636	CP:0000073881576	MATRIZ	$486.17	$774,059.02	$802,396.40	73881576		27102021	-	Ver Detalle
40	28/10/2021	28/10/2021	CHEQUE	158147	PAGADO                                   - 158147	P.CALIFOR	$140.00	$774,545.19	$802,882.57	C 0908051576    CAJIAS SOLIS RAUL HECTOR			-	Ver Detalle
41	28/10/2021	28/10/2021	DEPOSITO	742002	LOCALES	MATRIZ	$28,337.38	$774,685.19	$803,022.57	29560282	028102021084304	Lot:29560282,UT:MARINA ALVARADO-000360	+	Ver Detalle
42	27/10/2021	28/10/2021	CHEQUE	158137	CAMARA                                   - 158137	MATRIZ	$476.12	$774,685.19	$774,685.19				-	Ver Detalle
43	27/10/2021	27/10/2021	NOTA DE CREDITO	1027742585570	PAGO A TERCEROS	MATRIZ	$117,287.22	$763,015.98	$775,161.31	EXPALSA EXPORTADORA DE ALIMENTOS S A			+	Ver Detalle
44	27/10/2021	27/10/2021	NOTA DE CREDITO	1027655267518	PAGO A TERCEROS	MATRIZ	$55,032.61	$645,728.76	$657,874.09	EXPALSA EXPORTADORA DE ALIMENTOS S A			+	Ver Detalle
45	27/10/2021	27/10/2021	NOTA DE CREDITO	1027120667920	PAGO A TERCEROS	MATRIZ	$1,115.20	$590,696.15	$602,841.48	FRIGORIFICO Y LABORATORIO DE PESCA FRILA		5158284	+	Ver Detalle
46	27/10/2021	27/10/2021	CHEQUE	158148	PAGADO                                   - 158148	EL DORADO	$257.40	$589,580.95	$601,726.28	C 0916198922    ORDONEZ RADA LUIS DEMETRIO			-	Ver Detalle
47	27/10/2021	27/10/2021	DEPOSITO	900284	EFECTIVO	P.CALIFOR	$49.54	$589,838.35	$601,983.68	C 0915760359    OJEDA RAMIREZ JUAN MANUEL			+	Ver Detalle
48	27/10/2021	27/10/2021	CHEQUE	158144	PAGADO                                   - 158144	P.CALIFOR	$300.00	$589,788.81	$601,934.14	C 0915760359    OJEDA RAMIREZ JUAN MANUEL			-	Ver Detalle
49	27/10/2021	27/10/2021	CHEQUE	158125	PAGADO                                   - 158125	P.CALIFOR	$1,680.00	$590,088.81	$602,234.14	C 0915760359    OJEDA RAMIREZ JUAN MANUEL			-	Ver Detalle
50	27/10/2021	27/10/2021	CHEQUE	158127	PAGADO                                   - 158127	P.CALIFOR	$1,020.53	$591,768.81	$603,914.14	C 0915760359    OJEDA RAMIREZ JUAN MANUEL			-	Ver Detalle
51	27/10/2021	27/10/2021	CHEQUE	158078	PAGADO                                   - 158078	P.CALIFOR	$300.00	$592,789.34	$604,934.67	C 0915760359    OJEDA RAMIREZ JUAN MANUEL			-	Ver Detalle
52	27/10/2021	27/10/2021	DEPOSITO	830939	LOCALES	MATRIZ	$5,502.00	$593,089.34	$605,234.67	29547502	027102021084418	Lot:29547502,UT:MARINA ALVARADO-000360	+	Ver Detalle
53	27/10/2021	27/10/2021	DEPOSITO	203413	LOCALES	MATRIZ	$6,643.33	$593,089.34	$599,732.67	29547492	027102021084254	Lot:29547492,UT:MARINA ALVARADO-000360	+	Ver Detalle
54	27/10/2021	27/10/2021	NOTA DE DEBITO	1027580878784	CP:0000073714024	MATRIZ	$600,000.00	$593,089.34	$593,089.34	73714024		26102021	-	Ver Detalle
55	26/10/2021	27/10/2021	CHEQUE	158130	CAMARA                                   - 158130	MATRIZ	$1,924.55	$1,193,089.34	$1,193,089.34				-	Ver Detalle
56	26/10/2021	27/10/2021	CHEQUE	158133	CAMARA                                   - 158133	MATRIZ	$239.00	$1,195,013.89	$1,195,013.89				-	Ver Detalle
57	26/10/2021	26/10/2021	NOTA DE CREDITO	211026083626532	CRED.TRANSF.INTERBANCARIAS	MATRIZ	$3,949.65	$1,088,070.84	$1,195,252.89	PTKDELECUADOR SXAX	BANCO INTERNACIONAL - CashManagement	006983588 000001746 20211026 171605 000848	+	Ver Detalle
58	26/10/2021	26/10/2021	NOTA DE CREDITO	1026728880199	PAGO A TERCEROS	MATRIZ	$149,768.42	$1,084,121.19	$1,191,303.24	EXPALSA EXPORTADORA DE ALIMENTOS S A			+	Ver Detalle
59	26/10/2021	26/10/2021	CHEQUE	158142	PAGADO                                   - 158142	CITY MALL	$153.58	$934,352.77	$1,041,534.82	C 0916198922    ORDONEZ RADA LUIS DEMETRIO			-	Ver Detalle
60	26/10/2021	26/10/2021	DEPOSITO	720733	EFECTIVO	CITY MALL	$0.60	$934,506.35	$1,041,688.40	C 0915760359    OJEDA RAMIREZ JUAN MANUEL			+	Ver Detalle
61	26/10/2021	26/10/2021	CHEQUE	158141	PAGADO                                   - 158141	CITY MALL	$2,930.20	$934,505.75	$1,041,687.80	C 0915760359    OJEDA RAMIREZ JUA			-	Ver Detalle
62	26/10/2021	26/10/2021	CHEQUE	158136	PAGADO                                   - 158136	P.CALIFOR	$220.00	$937,435.95	$1,044,618.00	C 0908051576    CAJIAS SOLIS RAUL HECTOR			-	Ver Detalle
63	26/10/2021	26/10/2021	CHEQUE	158143	PAGADO                                   - 158143	PS.VIA DAULE	$100.00	$937,655.95	$1,044,838.00	C 0919761411    QUINDE ESPINOZA CARLOS MAURICIO			-	Ver Detalle
64	26/10/2021	26/10/2021	CHEQUE	158139	PAGADO                                   - 158139	P.CALIFOR	$2,000.00	$937,755.95	$1,044,938.00	C 0605830280    CHIMBOLEMA TENEGUSNAY CRISTIAN BLADIMIR			-	Ver Detalle
65	26/10/2021	26/10/2021	CHEQUE	158140	PAGADO                                   - 158140	P.CALIFOR	$3,000.00	$939,755.95	$1,046,938.00	C 0915760359    OJEDA RAMIREZ JUA			-	Ver Detalle
66	26/10/2021	26/10/2021	CHEQUE	158132	PAGADO                                   - 158132	P.CALIFOR	$120.00	$942,755.95	$1,049,938.00	C 0915760359    OJEDA RAMIREZ JUAN MANUEL			-	Ver Detalle
67	26/10/2021	26/10/2021	DEPOSITO	46437	EFECTIVO	P.CALIFOR	$3.85	$942,875.95	$1,050,058.00	C 0915760359    OJEDA RAMIREZ JUAN MANUEL			+	Ver Detalle
68	26/10/2021	26/10/2021	DEPOSITO	695479	LOCALES	MATRIZ	$107,182.05	$942,872.10	$1,050,054.15	29532874	026102021084714	Lot:29532874,UT:MARINA ALVARADO-000360	+	Ver Detalle
69	25/10/2021	26/10/2021	CHEQUE	158128	CAMARA                                   - 158128	MATRIZ	$3,199.11	$942,872.10	$942,872.10				-	Ver Detalle
70	25/10/2021	25/10/2021	CHEQUE	158129	TRANSFERIDO                              - 158129	MATRIZ	$500.00	$892,370.41	$946,071.21				-	Ver Detalle
71	25/10/2021	25/10/2021	NOTA DE CREDITO	211025045219293	CRED.TRANSF.INTERBANCARIAS	MATRIZ	$2,811.64	$892,870.41	$946,571.21	DELAROMA S.A.	PAGO FC 75613	006978477 000000551 20211025 171338 009018	+	Ver Detalle
72	25/10/2021	25/10/2021	NOTA DE CREDITO	211025091435321	CRED.TRANSF.INTERBANCARIAS	MATRIZ	$675.96	$890,058.77	$943,759.57	EUROFISH S.A.	BANCO INTERNACIONAL - CashManagement	006978459 000000169 20211025 171338 003007	+	Ver Detalle
73	25/10/2021	25/10/2021	NOTA DE DEBITO	1025492642343	TRANSF RECIBIDAS DEL EXTERIOR	MATRIZ	$45.00	$889,382.81	$943,083.61				-	Ver Detalle
74	25/10/2021	25/10/2021	CHEQUE	158134	PAGADO                                   - 158134	PS.VIA DAULE	$130.00	$889,427.81	$943,128.61	C 0605830280    CHIMBOLEMA TENEGUSNAY CRISTIAN BLADIMIR			-	Ver Detalle
75	25/10/2021	25/10/2021	NOTA DE CREDITO	1025947427994	PAGO A TERCEROS	MATRIZ	$45,260.61	$889,557.81	$943,258.61	EXPORTADORA TOTAL SEAFOOD TOTALSEAFOOD S			+	Ver Detalle
76	25/10/2021	25/10/2021	NOTA DE CREDITO	1025571840814	PAGO A TERCEROS	MATRIZ	$61,728.80	$844,297.20	$897,998.00	EXPORTADORA TOTAL SEAFOOD TOTALSEAFOOD S			+	Ver Detalle
77	25/10/2021	25/10/2021	CHEQUE	158047	PAGADO                                   - 158047	MATRIZ	$120.83	$782,568.40	$836,269.20	C 0924853732    CEDENO MORENO JEFFERSON ANDRES			-	Ver Detalle
78	25/10/2021	25/10/2021	NOTA DE CREDITO	211025010532831	CRED.TRANSF.INTERBANCARIAS	MATRIZ	$1,134.55	$782,689.23	$836,390.03	SWEET AND COFFE	TRANSFERENCIA A PROVEEDOR  123	006975707 000002367 20211025 134051 006321	+	Ver Detalle
79	25/10/2021	25/10/2021	NOTA DE CREDITO	211025022389369	CRED.TRANSF.INTERBANCARIAS	MATRIZ	$3,091.41	$781,554.68	$835,255.48	DERELAMAR	GRAFIMPAC CANC FACT 5834	006975711 000003823 20211025 134051 005301	+	Ver Detalle
80	25/10/2021	25/10/2021	NOTA DE CREDITO	1602507	TRANSF RECIBIDAS DEL EXTERIOR	MATRIZ	$319,638.46	$778,463.27	$832,164.07	MARINASOL S.A.  DOC.ID. 20513632569  A	STANDAR CHARTERED BANK	REFERENCIA: 3721317801 REF.SWIFT: 2021102100270594	+	Ver Detalle
81	25/10/2021	25/10/2021	CHEQUE	158135	PAGADO                                   - 158135	CENTENARI	$126.66	$458,824.81	$512,525.61	C 0915008684    ALMEIDA REYES WILTHER ABEL			-	Ver Detalle
82	25/10/2021	25/10/2021	NOTA DE DEBITO	1025254937499	TASA CUERPO BOMBEROS TR	MATRIZ	$1,224.00	$458,951.47	$512,652.27	0991126864001	BENEMERITO CUERPO DE BOMBEROS	5124890	-	Ver Detalle
83	25/10/2021	25/10/2021	DEPOSITO	3814	LOCALES	MATRIZ	$21,581.98	$460,175.47	$513,876.27	29513768	025102021091848	Lot:29513768,UT:MARINA ALVARADO-000360	+	Ver Detalle
84	25/10/2021	25/10/2021	DEPOSITO	589412	LOCALES	MATRIZ	$32,118.82	$460,175.47	$492,294.29	2951372	025102021091542	Lot:29513702,UT:MARINA ALVARADO-000360	+	Ver Detalle
85	23/10/2021	25/10/2021	CHEQUE	158114	PAGADO                                   - 158114	PS.VIA DAULE	$400.00	$460,175.47	$460,175.47	C 0919945188    CALDERON BORBOR JORGE FELIPE			-	Ver Detalle
86	22/10/2021	25/10/2021	CHEQUE	158112	CAMARA                                   - 158112	MATRIZ	$663.02	$460,575.47	$460,575.47				-	Ver Detalle
87	22/10/2021	25/10/2021	CHEQUE	158131	CAMARA                                   - 158131	MATRIZ	$459.66	$461,238.49	$461,238.49				-	Ver Detalle
88	22/10/2021	22/10/2021	NOTA DE CREDITO	1022058189981	PAGO A TERCEROS	MATRIZ	$12,108.11	$440,765.64	$461,698.15		MARBELIZE S A		+	Ver Detalle
89	22/10/2021	22/10/2021	NOTA DE CREDITO	211022076902012	CRED.TRANSF.INTERBANCARIAS	MATRIZ	$10,056.14	$428,657.53	$449,590.04	COFIMAR	F76253 76258	006971996 000000331 20211022 130536 010970	+	Ver Detalle
90	22/10/2021	22/10/2021	NOTA DE CREDITO	211022080893960	CRED.TRANSF.INTERBANCARIAS	MATRIZ	$7,531.21	$418,601.39	$439,533.90	SOLUBLES INSTAN	Pagos Factura	006971996 000001915 20211022 130536 011230	+	Ver Detalle
91	22/10/2021	22/10/2021	NOTA DE DEBITO	1022118081555	CP:0000073269282	MATRIZ	$358.00	$411,070.18	$432,002.69	73269282		21102021	-	Ver Detalle
92	22/10/2021	22/10/2021	NOTA DE DEBITO	1022795318508	CP:0000073378713	MATRIZ	$15,507.27	$411,428.18	$432,360.69	73378713		22102021	-	Ver Detalle
93	22/10/2021	22/10/2021	NOTA DE DEBITO	1022304636680	CP:0000073268874	MATRIZ	$32,553.17	$426,935.45	$447,867.96	73268874		21102021	-	Ver Detalle
94	22/10/2021	22/10/2021	NOTA DE CREDITO	3500037124	PAGO A TERCEROS	MATRIZ	$15,670.97	$459,488.62	$480,421.13	NEGOCIOS INDUSTRIALES REAL N I R S A S A		45677	+	Ver Detalle
95	22/10/2021	22/10/2021	NOTA DE CREDITO	211022052333572	CRED.TRANSF.INTERBANCARIAS	MATRIZ	$1,448.67	$443,817.65	$464,750.16	TONI	1500102702	006970726 000002777 20211022 091112 008106	+	Ver Detalle
96	22/10/2021	22/10/2021	NOTA DE CREDITO	211022097633608	CRED.TRANSF.INTERBANCARIAS	MATRIZ	$83,107.96	$442,368.98	$463,301.49	SONGA C.A.	GRAFICAS IMPACTO GRAFIMPAC S.A. #FACT.: 000076663 #DIARIO.:	006970726 000006641 20211022 091112 008633	+	Ver Detalle
97	22/10/2021	22/10/2021	DEPOSITO	149876	LOCALES	MATRIZ	$20,932.51	$359,261.02	$380,193.53	29494014	022102021084909	Lot:29494014,UT:MARINA ALVARADO-000360	+	Ver Detalle
98	22/10/2021	22/10/2021	NOTA DE DEBITO	3688	PC -INSUF FONDOS	MATRIZ	$2,627.92	$359,261.02	$359,261.02	BANCO PRODUBANCO	2006129060	081 INSUF FONDOS	-	Ver Detalle
99	22/10/2021	22/10/2021	NOTA DE DEBITO	3688	COMISION CHEQUE DEV	MATRIZ	$2.49	$361,888.94	$361,888.94	BANCO PRODUBANCO	2006129060	081 INSUF FONDOS	-	Ver Detalle
100	22/10/2021	22/10/2021	NOTA DE DEBITO	3688	IMP 12% IVA SERVICIOS	MATRIZ	$0.30	$361,891.43	$361,891.43	BANCO PRODUBANCO	2006129060	081 INSUF FONDOS	-	Ver Detalle
101	21/10/2021	22/10/2021	CHEQUE	158109	CAMARA                                   - 158109	MATRIZ	$23,804.24	$361,891.73	$361,891.73				-	Ver Detalle
102	21/10/2021	21/10/2021	NOTA DE CREDITO	211021031065687	CRED.TRANSF.INTERBANCARIAS	MATRIZ	$937.31	$368,199.39	$385,695.97	CONSERVAS ISABEL ECUATORIAN	XX	006969281 000000535 20211021 171221 000592	+	Ver Detalle
103	21/10/2021	21/10/2021	CHEQUE	158115	PAGADO                                   - 158115	DURAN	$73.45	$367,262.08	$384,758.66	C 0916201908    MORAN GONZALEZ EDGAR JAMIL			-	Ver Detalle
104	21/10/2021	21/10/2021	DEPOSITO	772424	LOCALES	MATRIZ	$14,868.66	$367,335.53	$384,832.11	29483606	021102021104942	Lot:29483606,UT:MARINA ALVARADO-000360	+	Ver Detalle
105	21/10/2021	21/10/2021	CHEQUE	158120	PAGADO                                   - 158120	P.CALIFOR	$3,200.00	$367,335.53	$369,963.45	C 0915760359    OJEDA RAMIREZ JUA			-	Ver Detalle
106	21/10/2021	21/10/2021	DEPOSITO	365483	EFECTIVO	P.CALIFOR	$38.40	$370,535.53	$373,163.45	C 0915760359    OJEDA RAMIREZ JUAN MANUEL			+	Ver Detalle
107	21/10/2021	21/10/2021	DEPOSITO	458360	EFECTIVO	P.CALIFOR	$19.80	$370,497.13	$373,125.05	C 0915760359    OJEDA RAMIREZ JUAN MANUEL			+	Ver Detalle
108	21/10/2021	21/10/2021	DEPOSITO	701682	LOCALES	MATRIZ	$2,627.92	$370,477.33	$373,105.25	29482304	021102021092118	Lot:29482304,UT:MARINA ALVARADO-000360	+	Ver Detalle
109	20/10/2021	21/10/2021	CHEQUE	158121	CAMARA                                   - 158121	MATRIZ	$305.07	$370,477.33	$370,477.33				-	Ver Detalle
110	20/10/2021	20/10/2021	DEPOSITO	196596	LOCALES	MATRIZ	$39,477.50	$279,177.22	$370,782.40	29467354	020102021103537	Lot:29467354,UT:MARINA ALVARADO-000360	+	Ver Detalle
111	20/10/2021	20/10/2021	NOTA DE DEBITO	1020943599230	RECAUD.DEP TEMPORAL CONTECON GYE SA T	MATRIZ	$406.69	$279,177.22	$331,304.90				-	Ver Detalle
112	20/10/2021	20/10/2021	NOTA DE DEBITO	1020463954155	RECAUD.DEP TEMPORAL NAPORTEC S A    T	MATRIZ	$216.48	$279,583.91	$331,711.59	6960002007000258730	NAPORTEC S A	437171	-	Ver Detalle
113	20/10/2021	20/10/2021	DEPOSITO	62569	LOCALES	MATRIZ	$14,044.43	$279,800.39	$331,928.07	2966674	020102021100429	Lot:29466674,UT:MARINA ALVARADO-000360	+	Ver Detalle
114	20/10/2021	20/10/2021	NOTA DE DEBITO	1020899919641	CP:0000073015219	MATRIZ	$6,446.03	$279,800.39	$317,883.64	73015219		001001000002332	-	Ver Detalle
115	20/10/2021	20/10/2021	NOTA DE DEBITO	1020675021448	CP:0000073015919	MATRIZ	$1,375.60	$286,246.42	$324,329.67	73015919		19102021	-	Ver Detalle
116	20/10/2021	20/10/2021	CHEQUE	158118	PAGADO                                   - 158118	P.CALIFOR	$2,691.30	$287,622.02	$325,705.27	C 0915760359    OJEDA RAMIREZ JUA			-	Ver Detalle
117	20/10/2021	20/10/2021	DEPOSITO	298529	LOCALES	MATRIZ	$38,083.25	$290,313.32	$328,396.57	29465398	020102021083740	Lot:29465398,UT:MARINA ALVARADO-000360	+	Ver Detalle
118	19/10/2021	20/10/2021	CHEQUE	158110	CAMARA                                   - 158110	MATRIZ	$1,463.38	$290,313.32	$290,313.32				-	Ver Detalle
119	19/10/2021	19/10/2021	CHEQUE	158107	TRANSFERIDO                              - 158107	MATRIZ	$190.13	$252,578.89	$291,776.70				-	Ver Detalle
120	19/10/2021	19/10/2021	NOTA DE CREDITO	211019086320860	CRED.TRANSF.INTERBANCARIAS	MATRIZ	$12,747.35	$252,769.02	$291,966.83	EMPACADORA BILBO S.A. BILBO	BANCO INTERNACIONAL - CashManagement	006961242 000001263 20211019 171242 001089	+	Ver Detalle
121	19/10/2021	19/10/2021	CHEQUE	158106	PAGADO                                   - 158106	PS.VIA DAULE	$181.08	$240,021.67	$279,219.48	C 0943037887    JIMENEZ BAZURTO STEVEN ENRIQUE			-	Ver Detalle
122	19/10/2021	19/10/2021	NOTA DE CREDITO	1019873957291	PAGO A TERCEROS	MATRIZ	$4,893.02	$240,202.75	$279,400.56	876017195	DONUT HOUSE S A		+	Ver Detalle
123	19/10/2021	19/10/2021	CHEQUE	158119	PAGADO                                   - 158119	CENTENARI	$950.00	$235,309.73	$274,507.54	C 0923971592    GURUMENDI BUSTAN CARLOS ANDRES			-	Ver Detalle
124	19/10/2021	19/10/2021	NOTA DE DEBITO	211019032098347	COMIS.SCI SECTOR PRIVADO	MATRIZ	$0.20	$236,259.73	$275,457.54	EQUIFAX EC	BANCO PICHINCHA	006958601 000000817 20211019 123820 000235	-	Ver Detalle
125	19/10/2021	19/10/2021	NOTA DE DEBITO	211019032098347	IMP 12% IVA SERVICIOS	MATRIZ	$0.02	$236,259.93	$275,457.74	EQUIFAX EC	BANCO PICHINCHA	006958601 000000817 20211019 123820 000235	-	Ver Detalle
126	19/10/2021	19/10/2021	NOTA DE DEBITO	211019078109782	DEB.SCI SECTOR PRIVADO	MATRIZ	$71.68	$236,259.95	$275,457.76	EQUIFAX EC	BANCO PICHINCHA	006958601 000000817 20211019 123820 000235	-	Ver Detalle
127	19/10/2021	19/10/2021	CHEQUE	158105	PAGADO                                   - 158105	P. EMPRESARIAL COLON	$226.35	$236,331.63	$275,529.44	C 0927220962    EUGENIO QUINZO BRYAN GABRIEL			-	Ver Detalle
128	19/10/2021	19/10/2021	CHEQUE	158102	PAGADO                                   - 158102	P. EMPRESARIAL COLON	$182.53	$236,557.98	$275,755.79	C 0927220962    EUGENIO QUINZO BRYAN GABRIEL			-	Ver Detalle
129	19/10/2021	19/10/2021	CHEQUE	158108	PAGADO                                   - 158108	PS.VIA DAULE	$184.70	$236,740.51	$275,938.32	C 0941090110    REGATTO GUERRERO ERWIN AUGUSTO			-	Ver Detalle
130	19/10/2021	19/10/2021	CHEQUE	158104	PAGADO                                   - 158104	PS.DURAN	$108.65	$236,925.21	$276,123.02	C 0921169744    PARRAGA FIGUEROA ANDRES VICENTE			-	Ver Detalle
131	19/10/2021	19/10/2021	NOTA DE DEBITO	1019735608966	REFERENCIA BANCARIA	MATRIZ	$2.25	$237,033.86	$276,231.67	0000350000000343064	X1	CARTA DE REFERENCIA	-	Ver Detalle
132	19/10/2021	19/10/2021	NOTA DE DEBITO	1019735608966	IMP 12% IVA SERVICIOS	MATRIZ	$0.27	$237,036.11	$276,233.92	0000350000000343064	X1	CARTA DE REFERENCIA	-	Ver Detalle
133	19/10/2021	19/10/2021	CHEQUE	158117	PAGADO                                   - 158117	P.CALIFOR	$3,000.00	$237,036.38	$276,234.19	C 0605830280    CHIMBOLEMA TENEGU			-	Ver Detalle
134	19/10/2021	19/10/2021	CHEQUE	158116	PAGADO                                   - 158116	P.CALIFOR	$3,000.00	$240,036.38	$279,234.19	C 0915760359    OJEDA RAMIREZ JUA			-	Ver Detalle
135	19/10/2021	19/10/2021	NOTA DE CREDITO	211019099917669	CRED.TRANSF.INTERBANCARIAS	MATRIZ	$46,102.95	$243,036.38	$282,234.19	MARISCOS DEL ECUADOR MARECU	MARISCOS DEL ECUADOR MARECUADOR CIA LTDA-PAGO PROVEEDORES	006957607 000011852 20211019 090815 002031	+	Ver Detalle
136	19/10/2021	19/10/2021	NOTA DE DEBITO	1019696809924	ARANCELES ADUANEROS	MATRIZ	$6,203.84	$196,933.43	$236,131.24	42120475	SENAE	142433	-	Ver Detalle
137	19/10/2021	19/10/2021	NOTA DE DEBITO	1019582227756	ARANCELES ADUANEROS	MATRIZ	$2,967.77	$203,137.27	$242,335.08	42120289	SENAE	142433	-	Ver Detalle
138	19/10/2021	19/10/2021	DEPOSITO	295066	LOCALES	MATRIZ	$39,197.81	$206,105.04	$245,302.85	29449650	019102021084844	Lot:29449650,UT:MARINA ALVARADO-000360	+	Ver Detalle
139	19/10/2021	19/10/2021	NOTA DE DEBITO	9394	PC -CTA/CHQ/IMAG DIFE	MATRIZ	$14,044.43	$206,105.04	$206,105.04	BANCO INTERNACIONAL	1410600817	300 CTA/CHQ/IMAG DIFE	-	Ver Detalle
140	18/10/2021	19/10/2021	CHEQUE	158062	CAMARA                                   - 158062	MATRIZ	$261.87	$220,149.47	$220,149.47				-	Ver Detalle
141	18/10/2021	18/10/2021	NOTA DE DEBITO	1018022676107	CP:0000072496459	MATRIZ	$142,286.34	$161,626.56	$220,411.34	72496459		14102021	-	Ver Detalle
142	18/10/2021	18/10/2021	NOTA DE CREDITO	1018031626101	PAGO A TERCEROS	MATRIZ	$181.39	$303,912.90	$362,697.68	EXPALSA EXPORTADORA DE ALIMENTOS S A			+	Ver Detalle
143	18/10/2021	18/10/2021	NOTA DE DEBITO	1018665366212	RECAUD.DEP TEMPORAL CONTECON GYE SA T	MATRIZ	$2,156.65	$303,731.51	$362,516.29				-	Ver Detalle
144	18/10/2021	18/10/2021	NOTA DE DEBITO	1018378230765	CP:0000072923278	MATRIZ	$571.75	$305,888.16	$364,672.94	72923278		18102021	-	Ver Detalle
145	18/10/2021	18/10/2021	NOTA DE DEBITO	1018056661122	CP:0000072922611	MATRIZ	$339.55	$306,459.91	$365,244.69	72922611		18102021	-	Ver Detalle
146	18/10/2021	18/10/2021	NOTA DE DEBITO	1018897153032	CP:0000072876110	MATRIZ	$400,000.00	$306,799.46	$365,584.24	72876110		18102021	-	Ver Detalle
147	18/10/2021	18/10/2021	CHEQUE	158111	PAGADO                                   - 158111	A. BORJA	$181.08	$706,799.46	$765,584.24	C 0951708791    MUNIZ PONCE ANA MELIDA			-	Ver Detalle
148	18/10/2021	18/10/2021	DEPOSITO	915372	LOCALES	MATRIZ	$909.40	$706,980.54	$765,765.32	29432372	018102021094902	Lot:29432372,UT:MARINA ALVARADO-000360	+	Ver Detalle
149	18/10/2021	18/10/2021	DEPOSITO	317974	LOCALES	MATRIZ	$61,056.68	$706,980.54	$764,855.92	29432326	018102021094809	Lot:29432326,UT:MARINA ALVARADO-000360	+	Ver Detalle
150	18/10/2021	18/10/2021	NOTA DE CREDITO	211018005164198	CRED.TRANSF.INTERBANCARIAS	MATRIZ	$8,816.76	$706,980.54	$703,799.24	EXPOTUNA S.A	GRAFIMPAC S A	006953408 000007792 20211018 093740 019360	+	Ver Detalle
151	18/10/2021	18/10/2021	NOTA DE CREDITO	1597358	TRANSF RECIBIDAS DEL EXTERIOR	MATRIZ	$16,395.84	$698,163.78	$694,982.48	MARINASOL S.A.  DOC.ID. 20513632569  A	CITIBANK	REFERENCIA: 5466176812 REF.SWIFT: F011291022C801	+	Ver Detalle
152	18/10/2021	18/10/2021	NOTA DE DEBITO	1525	PC -INSUF FONDOS	MATRIZ	$3,346.00	$681,767.94	$678,586.64	BANCO PROCREDIT	9030148337	081 INSUF FONDOS	-	Ver Detalle
153	18/10/2021	18/10/2021	NOTA DE DEBITO	1525	COMISION CHEQUE DEV	MATRIZ	$2.49	$685,113.94	$681,932.64	BANCO PROCREDIT	9030148337	081 INSUF FONDOS	-	Ver Detalle
154	18/10/2021	18/10/2021	NOTA DE DEBITO	1525	IMP 12% IVA SERVICIOS	MATRIZ	$0.30	$685,116.43	$681,935.13	BANCO PROCREDIT	9030148337	081 INSUF FONDOS	-	Ver Detalle
155	15/10/2021	15/10/2021	CHEQUE	158103	PAGADO                                   - 158103	PS.VIA DAULE	$600.00	$648,932.84	$681,935.43	C 0917494833    RAZA CAICEDO JAVIER ARTURO			-	Ver Detalle
156	15/10/2021	15/10/2021	NOTA DE CREDITO	211015095850025	CRED.TRANSF.INTERBANCARIAS	MATRIZ	$15,783.57	$649,532.84	$682,535.43	COFIMAR	F75989 76024 76044	006952893 000001075 20211015 170631 008563	+	Ver Detalle
157	15/10/2021	15/10/2021	NOTA DE CREDITO	211015042171375	CRED.TRANSF.INTERBANCARIAS	MATRIZ	$1,181.01	$633,749.27	$666,751.86	BASESURCORP S.A.	PRODUBANCO - CashManagement	006953043 000006655 20211015 170631 001510	+	Ver Detalle
158	15/10/2021	15/10/2021	NOTA DE DEBITO	1015156879167	SUELDO GRAFIMPAC S.A.	MATRIZ	$4,670.22	$632,568.26	$665,570.85	72674218		15102021	-	Ver Detalle
159	15/10/2021	15/10/2021	NOTA DE CREDITO	1015706067477	PAGO A TERCEROS	MATRIZ	$5,841.80	$637,238.48	$670,241.07	NATLUK S A			+	Ver Detalle
160	15/10/2021	15/10/2021	NOTA DE DEBITO	1015534050997	DEBITO ROL ELECTRONICO	MATRIZ	$4,628.36	$631,396.68	$664,399.27	72638228		15102021	-	Ver Detalle
161	15/10/2021	15/10/2021	NOTA DE DEBITO	1015797537589	SUELDO GRAFIMPAC S.A.	MATRIZ	$12,411.15	$636,025.04	$669,027.63	72638722		15102021	-	Ver Detalle
162	15/10/2021	15/10/2021	NOTA DE DEBITO	1015654398840	SUELDO GRAFIMPAC S.A.	MATRIZ	$20,889.18	$648,436.19	$681,438.78	72638608		15102021	-	Ver Detalle
163	15/10/2021	15/10/2021	NOTA DE CREDITO	211015038840038	CRED.TRANSF.INTERBANCARIAS	MATRIZ	$35,772.23	$669,325.37	$702,327.96	EXPORTADORA TOT	GRAFICAS IMPACTO GRAFIMPAC S.A. - CANCELACION FACT # 75825-7	006950591 000012521 20211015 131200 010007	+	Ver Detalle
164	15/10/2021	15/10/2021	NOTA DE CREDITO	1015646941227	PAGO A TERCEROS	MATRIZ	$1,105.31	$633,553.14	$666,555.73	MARAMAR S A			+	Ver Detalle
165	15/10/2021	15/10/2021	NOTA DE CREDITO	3500036195	PAGO A TERCEROS	MATRIZ	$15,647.10	$632,447.83	$665,450.42	NEGOCIOS INDUSTRIALES REAL N I R S A S A		45677	+	Ver Detalle
166	15/10/2021	15/10/2021	NOTA DE CREDITO	211015040185337	CRED.TRANSF.INTERBANCARIAS	MATRIZ	$7,096.15	$616,800.73	$649,803.32	EXPORTADORA TOT	GRAFICAS IMPACTO GRAFIMPAC S.A. - CANCELACION  FACT # 75538-	006949014 000009790 20211015 090413 007595	+	Ver Detalle
167	15/10/2021	15/10/2021	NOTA DE CREDITO	211015076272740	CRED.TRANSF.INTERBANCARIAS	MATRIZ	$6,763.71	$609,704.58	$642,707.17	SOLUBLES INSTAN	Pagos Factura	006949014 000004071 20211015 090413 006789	+	Ver Detalle
168	15/10/2021	15/10/2021	NOTA DE CREDITO	211015079759785	CRED.TRANSF.INTERBANCARIAS	MATRIZ	$6,041.20	$602,940.87	$635,943.46	VECONSA S.A.	BANCO INTERNACIONAL - CashManagement	006949165 000000457 20211015 090413 000109	+	Ver Detalle
169	15/10/2021	15/10/2021	DEPOSITO	613117	LOCALES	MATRIZ	$2,583.54	$596,899.67	$629,902.26	29410352	015102021085528	Lot:29410352,UT:MARINA ALVARADO-000360	+	Ver Detalle
170	15/10/2021	15/10/2021	DEPOSITO	302795	LOCALES	MATRIZ	$30,419.05	$596,899.67	$627,318.72	29410176	015102021084625	Lot:29410176,UT:MARINA ALVARADO-000360	+	Ver Detalle
171	14/10/2021	14/10/2021	NOTA DE CREDITO	211014045021235	CRED.TRANSF.INTERBANCARIAS	MATRIZ	$677.82	$523,534.53	$596,899.67	DYVENPRO	PAG-0015152	006948414 000003074 20211014 170930 008467	+	Ver Detalle
172	14/10/2021	14/10/2021	NOTA DE DEBITO	1014187300421	CP:0000072498614	MATRIZ	$1,002.08	$522,856.71	$596,221.85	72498614		002001000287638	-	Ver Detalle
173	14/10/2021	14/10/2021	CHEQUE	158096	TRANSFERIDO                              - 158096	MATRIZ	$6,649.16	$523,858.79	$597,223.93				-	Ver Detalle
174	14/10/2021	14/10/2021	NOTA DE CREDITO	211014033207286	CRED.TRANSF.INTERBANCARIAS	MATRIZ	$5,507.30	$530,507.95	$603,873.09	PROCESADORA Y EXPORTADORA D	BANCO INTERNACIONAL - CashManagement	006945786 000003759 20211014 132439 001077	+	Ver Detalle
175	14/10/2021	14/10/2021	NOTA DE CREDITO	211014034182931	CRED.TRANSF.INTERBANCARIAS	MATRIZ	$13,440.60	$525,000.65	$598,365.79	PROCESADORA Y EXPORTADORA D	BANCO INTERNACIONAL - CashManagement	006945786 000001428 20211014 132439 000929	+	Ver Detalle
176	14/10/2021	14/10/2021	NOTA DE CREDITO	211014000583367	CRED.TRANSF.INTERBANCARIAS	MATRIZ	$54,323.36	$511,560.05	$584,925.19	PROCESADORA Y EXPORTADORA D	BANCO INTERNACIONAL - CashManagement	006945786 000004212 20211014 132439 001098	+	Ver Detalle
177	14/10/2021	14/10/2021	CHEQUE	158101	PAGADO                                   - 158101	CITY MALL	$270.00	$457,236.69	$530,601.83	C 0940830631    CATAGUA CATAGUA VICTOR FELIPE			-	Ver Detalle
178	14/10/2021	14/10/2021	CHEQUE	158097	PAGADO                                   - 158097	PS.VIA DAULE	$80.00	$457,506.69	$530,871.83	C 0921017711    SACON CHUEZ DIEGO JONATHAN			-	Ver Detalle
179	14/10/2021	14/10/2021	NOTA DE DEBITO	1014580059816	CP:0000072383734	MATRIZ	$3,180.00	$457,586.69	$530,951.83	72383734		9536738695	-	Ver Detalle
180	14/10/2021	14/10/2021	NOTA DE DEBITO	1014063208930	CP:0000072382417	MATRIZ	$528.91	$460,766.69	$534,131.83	72382417		001001070003402	-	Ver Detalle
181	14/10/2021	14/10/2021	DEPOSITO	736215	EFECTIVO	MATRIZ	$182.40	$461,295.60	$534,660.74	C 0915760359    OJEDA RAMIREZ JUAN MANUEL			+	Ver Detalle
182	14/10/2021	14/10/2021	CHEQUE	158100	PAGADO                                   - 158100	MATRIZ	$779.67	$461,113.20	$534,478.34	C 0915760359    OJEDA RAMIREZ JUAN MANUEL			-	Ver Detalle
183	14/10/2021	14/10/2021	DEPOSITO	767732	LOCALES	BLVD 9 DE OCTUBRE	$1,000.00	$461,892.87	$535,258.01	REF: ATM:B585   008229			+	Ver Detalle
184	14/10/2021	14/10/2021	DEPOSITO	556898	LOCALES	MATRIZ	$72,365.14	$461,892.87	$534,258.01	29396400	014102021091936	Lot:29396400,UT:MARINA ALVARADO-000360	+	Ver Detalle
185	14/10/2021	14/10/2021	NOTA DE DEBITO	875175	PAGOS AMEX (AMERICAN EXPRESS)	MATRIZ	$8,279.05	$461,892.87	$461,892.87				-	
186	13/10/2021	14/10/2021	CHEQUE	158095	CAMARA                                   - 158095	MATRIZ	$990.77	$470,171.92	$470,171.92				-	Ver Detalle
187	13/10/2021	13/10/2021	CHEQUE	158083	PAGADO                                   - 158083	PS.VIA DAULE	$150.00	$460,593.34	$471,162.69	C 0940964315    AMAT VITERI DAVID ANDRES			-	Ver Detalle
188	13/10/2021	13/10/2021	NOTA DE CREDITO	211013086763668	CRED.TRANSF.INTERBANCARIAS	MATRIZ	$15,770.61	$460,743.34	$471,312.69	CARVAGU SA	PRODUBANCO - CashManagement	006943715 000001802 20211013 170638 000614	+	Ver Detalle
189	13/10/2021	13/10/2021	NOTA DE CREDITO	1013544182593	PAGO A TERCEROS	MATRIZ	$41,928.51	$444,972.73	$455,542.08	874032511	MARISCOS DEL ECUADOR C LTD		+	Ver Detalle
190	13/10/2021	13/10/2021	NOTA DE DEBITO	1013483241023	CP:0000072349369	MATRIZ	$85.48	$403,044.22	$413,613.57	72349369		001001060004162	-	Ver Detalle
191	13/10/2021	13/10/2021	NOTA DE DEBITO	1013648267311	CP:0000072320292	MATRIZ	$800,000.00	$403,129.70	$413,699.05	72320292		13102021	-	Ver Detalle
192	13/10/2021	13/10/2021	NOTA DE DEBITO	1013913066755	CP:0000072348117	MATRIZ	$90.00	$1,203,129.70	$1,213,699.05	72348117		13102021	-	Ver Detalle
193	13/10/2021	13/10/2021	NOTA DE DEBITO	1013303414308	CP:0000072348694	MATRIZ	$660.00	$1,203,219.70	$1,213,789.05	72348694		5508215342	-	Ver Detalle
194	13/10/2021	13/10/2021	NOTA DE CREDITO	211013083415790	CRED.TRANSF.INTERBANCARIAS	MATRIZ	$7.12	$1,203,879.70	$1,214,449.05	SONGA C.A.	GRAFICAS IMPACTO GRAFIMPAC S.A. #FACT.: 000075802 #DIARIO.:	006941094 000005020 20211013 130500 008443	+	Ver Detalle
195	13/10/2021	13/10/2021	NOTA DE CREDITO	211013010340409	CRED.TRANSF.INTERBANCARIAS	MATRIZ	$35,543.31	$1,203,872.58	$1,214,441.93	SONGA C.A.	GRAFICAS IMPACTO GRAFIMPAC S.A. #FACT.: 000075769 #DIARIO.:	006941094 000005065 20211013 130500 008451	+	Ver Detalle
196	13/10/2021	13/10/2021	NOTA DE DEBITO	1013401570987	RECAUD.APORTE IESS X VENT.	MATRIZ	$49.98	$1,168,329.27	$1,178,898.62	21596848	I E S S	4969	-	Ver Detalle
197	13/10/2021	13/10/2021	NOTA DE DEBITO	1013045273179	RECAUD.APORTE IESS X VENT.	MATRIZ	$132.42	$1,168,379.25	$1,178,948.60	148027897	I E S S	4969	-	Ver Detalle
198	13/10/2021	13/10/2021	NOTA DE DEBITO	1013946557528	RECAUD.DEP TEMPORAL CONTECON GYE SA T	MATRIZ	$3,043.61	$1,168,511.67	$1,179,081.02				-	Ver Detalle
199	13/10/2021	13/10/2021	NOTA DE CREDITO	1013955976729	TRANSF.INTRABANCARIAS	MATRIZ	$23.17	$1,171,555.28	$1,182,124.63	SUAREZ YEPEZ KARINA ALEXANDRA	BANCO DE GUAYAQUIL	DEVOLUCION DE ANTICIPO VIATICOS MANTA 07 OCTUBRE	+	Ver Detalle
200	13/10/2021	13/10/2021	DEPOSITO	225026	LOCALES	MATRIZ	$313.42	$1,171,532.11	$1,182,101.46	29382662	013102021095638	Lot:29382662,UT:MARINA ALVARADO-000360	+	Ver Detalle
201	13/10/2021	13/10/2021	CHEQUE	158087	PAGADO                                   - 158087	P.CALIFOR	$100.00	$1,171,532.11	$1,181,788.04	C 0915760359    OJEDA RAMIREZ JUAN MANUEL			-	Ver Detalle
202	13/10/2021	13/10/2021	CHEQUE	158094	PAGADO                                   - 158094	P.CALIFOR	$1,399.09	$1,171,632.11	$1,181,888.04	C 0915760359    OJEDA RAMIREZ JUAN MANUEL			-	Ver Detalle
203	13/10/2021	13/10/2021	DEPOSITO	842621	LOCALES	MATRIZ	$10,255.93	$1,173,031.20	$1,183,287.13	29381670	013102021084205	Lot:29381670,UT:MARINA ALVARADO-000360	+	Ver Detalle
204	13/10/2021	13/10/2021	NOTA DE DEBITO	1013682857074	CP:0000072179105	MATRIZ	$700,000.00	$1,173,031.20	$1,173,031.20	72179105		12102021	-	Ver Detalle
205	13/10/2021	13/10/2021	NOTA DE DEBITO	1013982344271	CP:0000072178147	MATRIZ	$600.50	$1,873,031.20	$1,873,031.20	72178147		12102021	-	Ver Detalle
206	12/10/2021	12/10/2021	NOTA DE CREDITO	211012085013575	CRED.TRANSF.INTERBANCARIAS	MATRIZ	$903.70	$1,772,027.10	$1,873,631.70	INLAFA SA	COMPRA DE FONDOS PARA CAJAS DE EXPORTACION SEGUN FACT No76168	006939301 000000080 20211012 172042 004540	+	Ver Detalle
207	12/10/2021	12/10/2021	NOTA DE CREDITO	211012092390184	CRED.TRANSF.INTERBANCARIAS	MATRIZ	$668,514.17	$1,771,123.40	$1,872,728.00	STA.PRISCILA	PAGO FACT	006939136 000002840 20211012 172042 009487	+	Ver Detalle
208	12/10/2021	12/10/2021	NOTA DE CREDITO	211012064913814	CRED.TRANSF.INTERBANCARIAS	MATRIZ	$4,000.00	$1,102,609.23	$1,204,213.83	MARISCOS DEL ECUADOR MARECU	MARISCOS DEL ECUADOR MARECUADOR CIA LTDA-PAGO PROVEEDORES	006939325 000002071 20211012 172042 000224	+	Ver Detalle
209	12/10/2021	12/10/2021	NOTA DE CREDITO	1012316031060	PAGO A TERCEROS	MATRIZ	$70,813.70	$1,098,609.23	$1,200,213.83	EXPALSA EXPORTADORA DE ALIMENTOS S A			+	Ver Detalle
210	12/10/2021	12/10/2021	NOTA DE DEBITO	1012395420146	RECAUD.APORTE IESS X VENT.	MATRIZ	$82.40	$1,027,795.53	$1,129,400.13	147964661	I E S S	4969	-	Ver Detalle
211	12/10/2021	12/10/2021	NOTA DE DEBITO	1012488521398	RECAUD.APORTE IESS X VENT.	MATRIZ	$3,509.88	$1,027,877.93	$1,129,482.53	12279812	I E S S	4969	-	Ver Detalle
212	12/10/2021	12/10/2021	NOTA DE DEBITO	1012361672954	RECAUD.APORTE IESS X VENT.	MATRIZ	$343.25	$1,031,387.81	$1,132,992.41	5780316	I E S S	4969	-	Ver Detalle
213	12/10/2021	12/10/2021	NOTA DE DEBITO	1012931450255	RECAUD.APORTE IESS X VENT.	MATRIZ	$7,784.52	$1,031,731.06	$1,133,335.66	36030335	I E S S	4969	-	Ver Detalle
214	12/10/2021	12/10/2021	NOTA DE DEBITO	1012220169637	RECAUD.APORTE IESS X VENT.	MATRIZ	$3,541.69	$1,039,515.58	$1,141,120.18	21596597	I E S S	4969	-	Ver Detalle
215	12/10/2021	12/10/2021	NOTA DE DEBITO	1012627342149	RECAUD.APORTE IESS X VENT.	MATRIZ	$27,055.78	$1,043,057.27	$1,144,661.87	148192433	I E S S	4969	-	Ver Detalle
216	12/10/2021	12/10/2021	CHEQUE	158086	PAGADO                                   - 158086	AGUIRRE	$95.55	$1,070,113.05	$1,171,717.65	C 0924325616    CRESPIN ROMAN BRYAN ANTONIO			-	Ver Detalle
217	12/10/2021	12/10/2021	CHEQUE	158090	PAGADO                                   - 158090	P.CALIFOR	$550.60	$1,070,208.60	$1,171,813.20	C 0915760359    OJEDA RAMIREZ JUAN MANUEL			-	Ver Detalle
218	12/10/2021	12/10/2021	CHEQUE	158089	PAGADO                                   - 158089	P.CALIFOR	$1,500.00	$1,070,759.20	$1,172,363.80	C 0915760359    OJEDA RAMIREZ JUAN MANUEL			-	Ver Detalle
219	12/10/2021	12/10/2021	CHEQUE	158093	PAGADO                                   - 158093	P.CALIFOR	$1,500.00	$1,072,259.20	$1,173,863.80	C 0915760359    OJEDA RAMIREZ JUAN MANUEL			-	Ver Detalle
220	12/10/2021	12/10/2021	CHEQUE	158091	PAGADO                                   - 158091	P.CALIFOR	$1,500.00	$1,073,759.20	$1,175,363.80	C 0605830280    CHIMBOLEMA TENEGUSNAY CRISTIAN BLADIMIR			-	Ver Detalle
221	12/10/2021	12/10/2021	CHEQUE	158092	PAGADO                                   - 158092	P.CALIFOR	$1,500.00	$1,075,259.20	$1,176,863.80	C 0605830280    CHIMBOLEMA TENEGUSNAY CRISTIAN BLADIMIR			-	Ver Detalle
222	12/10/2021	12/10/2021	DEPOSITO	490690	LOCALES	MATRIZ	$100,000.00	$1,076,759.20	$1,178,363.80	29370940	012102021120924	Lot:29370940,UT:MARINA ALVARADO-000360	+	Ver Detalle
223	12/10/2021	12/10/2021	CHEQUE	158084	PAGADO                                   - 158084	ALBORADA	$401.88	$1,076,759.20	$1,078,363.80	C 0915760359    OJEDA RAMIREZ JUAN MANUEL			-	Ver Detalle
224	12/10/2021	12/10/2021	CHEQUE	158082	CERTIFICADO                              - 158082	CENTENARI	$536.01	$1,077,161.08	$1,078,765.68	DPWORLD POSORJA S.A.			-	Ver Detalle
225	12/10/2021	12/10/2021	NOTA DE DEBITO	1012419048617	CP:0000072177895	MATRIZ	$366.95	$1,077,697.09	$1,079,301.69	72177895		12102021	-	Ver Detalle
226	12/10/2021	12/10/2021	DEPOSITO	792276	LOCALES	MATRIZ	$1,604.60	$1,078,064.04	$1,079,668.64	29367600	012102021083535	Lot:29367600,UT:MARINA ALVARADO-000360	+	Ver Detalle
227	11/10/2021	11/10/2021	NOTA DE CREDITO	1011134559257	PAGO A TERCEROS	MATRIZ	$90,297.77	$1,077,825.48	$1,078,064.04	EXPALSA EXPORTADORA DE ALIMENTOS S A			+	Ver Detalle
228	11/10/2021	11/10/2021	NOTA DE DEBITO	1011033596273	CP:0000072107915	MATRIZ	$25,335.86	$987,527.71	$987,766.27	72107915		11102021	-	Ver Detalle
229	11/10/2021	11/10/2021	NOTA DE DEBITO	1011810710810	CP:0000072122350	MATRIZ	$16,184.14	$1,012,863.57	$1,013,102.13	72122350		11102021	-	Ver Detalle
230	11/10/2021	11/10/2021	NOTA DE DEBITO	1011993574858	CP:0000072079403	MATRIZ	$58.77	$1,029,047.71	$1,029,286.27	72079403		11102021	-	Ver Detalle
231	11/10/2021	11/10/2021	NOTA DE DEBITO	1011212685202	CP:0000072079784	MATRIZ	$598.36	$1,029,106.48	$1,029,345.04	72079784		11102021	-	Ver Detalle
232	11/10/2021	11/10/2021	NOTA DE DEBITO	1011896774661	CP:0000072067173	MATRIZ	$173.95	$1,029,704.84	$1,029,943.40	72067173		11102021	-	Ver Detalle
233	11/10/2021	11/10/2021	NOTA DE CREDITO	1011733040126	PAGO A TERCEROS	MATRIZ	$3,558.05	$1,029,878.79	$1,030,117.35	NATLUK S A			+	Ver Detalle
234	11/10/2021	11/10/2021	NOTA DE DEBITO	211011034218720	COMIS.SCI SECTOR PUBLICO	MATRIZ	$0.20	$1,026,320.74	$1,026,559.30	SRI	BANCO CENTRAL	006931327 000005507 20211011 132052 030010	-	Ver Detalle
235	11/10/2021	11/10/2021	NOTA DE DEBITO	211011034218720	IMP 12% IVA SERVICIOS	MATRIZ	$0.02	$1,026,320.94	$1,026,559.50	SRI	BANCO CENTRAL	006931327 000005507 20211011 132052 030010	-	Ver Detalle
236	11/10/2021	11/10/2021	NOTA DE DEBITO	211011097459229	COMIS.SCI SECTOR PUBLICO	MATRIZ	$0.20	$1,026,320.96	$1,026,559.52	SRI	BANCO CENTRAL	006931327 000005670 20211011 132052 030033	-	Ver Detalle
237	11/10/2021	11/10/2021	NOTA DE DEBITO	211011097459229	IMP 12% IVA SERVICIOS	MATRIZ	$0.02	$1,026,321.16	$1,026,559.72	SRI	BANCO CENTRAL	006931327 000005670 20211011 132052 030033	-	Ver Detalle
238	11/10/2021	11/10/2021	NOTA DE DEBITO	211011014731573	SCI SECTOR PUBLICO	MATRIZ	$14,134.29	$1,026,321.18	$1,026,559.74	SRI	BANCO CENTRAL	006931327 000005507 20211011 132052 030010	-	Ver Detalle
239	11/10/2021	11/10/2021	NOTA DE DEBITO	211011043540676	SCI SECTOR PUBLICO	MATRIZ	$10,979.81	$1,040,455.47	$1,040,694.03	SRI	BANCO CENTRAL	006931327 000005670 20211011 132052 030033	-	Ver Detalle
240	11/10/2021	11/10/2021	CHEQUE	158081	PAGADO                                   - 158081	PS.VIA DAULE	$447.52	$1,051,435.28	$1,051,673.84	C 1312485426    SANCHEZ DELGADO HUGO MANUEL			-	Ver Detalle
241	11/10/2021	11/10/2021	DEPOSITO	643088	LOCALES	MATRIZ	$238.56	$1,051,882.80	$1,052,121.36	29354304	011102021110415	Lot:29354304,UT:MARINA ALVARADO-000360	+	Ver Detalle
242	11/10/2021	11/10/2021	NOTA DE DEBITO	1011647486609	RECAUD.CNEL UNID.ELECT.GUAYAQUIL   TR	MATRIZ	$288.05	$1,051,882.80	$1,051,882.80	200016969624	EMPRESA ELECTRICA PUBLICA ESTRATEGICA CO	1140837	-	Ver Detalle
243	11/10/2021	11/10/2021	NOTA DE CREDITO	211011078045965	CRED.TRANSF.INTERBANCARIAS	MATRIZ	$7,000.00	$1,052,170.85	$1,052,170.85	EXPORTADORA TOT	GRAFICAS IMPACTO GRAFIMPAC S.A. - ABONO FACT # 75538 OC#5392	006930523 000023729 20211011 093343 014731	+	Ver Detalle
244	11/10/2021	11/10/2021	NOTA DE CREDITO	211011068801104	CRED.TRANSF.INTERBANCARIAS	MATRIZ	$9,926.82	$1,045,170.85	$1,045,170.85	EUROFISH S.A.	BANCO INTERNACIONAL - CashManagement	006930541 000000855 20211011 093343 000266	+	Ver Detalle
245	07/10/2021	11/10/2021	CHEQUE	158076	CAMARA                                   - 158076	MATRIZ	$420.06	$1,035,244.03	$1,035,244.03				-	Ver Detalle
246	07/10/2021	07/10/2021	CHEQUE	158071	TRANSFERIDO                              - 158071	MATRIZ	$3,000.00	$1,034,891.29	$1,035,664.09				-	Ver Detalle
247	07/10/2021	07/10/2021	NOTA DE CREDITO	1007615363405	PAGO A TERCEROS	MATRIZ	$5,027.82	$1,037,891.29	$1,038,664.09	872380296	DONUT HOUSE S A		+	Ver Detalle
248	07/10/2021	07/10/2021	CHEQUE	158080	PAGADO                                   - 158080	MALECON20	$816.00	$1,032,863.47	$1,033,636.27	C 1707032940    SANCHEZ CARBO MODESTO ANTONIO			-	Ver Detalle
249	07/10/2021	07/10/2021	CHEQUE	158061	PAGADO                                   - 158061	PLAZA DE LA ADMINISTR	$255.96	$1,033,679.47	$1,034,452.27	C 0913337846    TERRANOVA BATALLAS VICENTE MITCHEL			-	Ver Detalle
250	07/10/2021	07/10/2021	CHEQUE	158079	PAGADO                                   - 158079	PS.VIA DAULE	$100.00	$1,033,935.43	$1,034,708.23	C 0919388223    AVILA ZUNIGA DANIEL ENRIQUE			-	Ver Detalle
251	07/10/2021	07/10/2021	CHEQUE	158067	PAGADO                                   - 158067	CITY MALL	$1,500.00	$1,034,035.43	$1,034,808.23	C 0605830280    CHIMBOLEMA TENEGUSNAY CRISTIAN BLADIMIR			-	Ver Detalle
252	07/10/2021	07/10/2021	NOTA DE CREDITO	211007020129869	CRED.TRANSF.INTERBANCARIAS	MATRIZ	$1,839.02	$1,035,535.43	$1,036,308.23	SWEET AND COFFE	TRANSFERENCIA A PROVEEDOR  123	006927650 000003936 20211007 131315 008804	+	Ver Detalle
253	07/10/2021	07/10/2021	NOTA DE CREDITO	211007037224015	CRED.TRANSF.INTERBANCARIAS	MATRIZ	$791.00	$1,033,696.41	$1,034,469.21	TONI	1500102146	006927650 000001519 20211007 131315 008405	+	Ver Detalle
254	07/10/2021	07/10/2021	CHEQUE	158077	PAGADO                                   - 158077	P.CALIFOR	$100.00	$1,032,905.41	$1,033,678.21	C 0915760359    OJEDA RAMIREZ JUAN MANUEL			-	Ver Detalle
255	07/10/2021	07/10/2021	DEPOSITO	90155	LOCALES	MATRIZ	$772.80	$1,033,005.41	$1,033,778.21	29329324	007102021084013	Lot:29329324,UT:MARINA ALVARADO-000360	+	Ver Detalle
256	06/10/2021	06/10/2021	NOTA DE DEBITO	1006489512742	CUOTA DATAFAST S.A.	MATRIZ	$5.32	$1,033,005.41	$1,033,005.41	00000000000003718180	DATAFAST S A	5317	-	Ver Detalle
257	06/10/2021	06/10/2021	NOTA DE DEBITO	1006650097292	CUOTA DATAFAST S.A.	MATRIZ	$12.60	$1,033,010.73	$1,033,010.73	00000000000003718179	DATAFAST S A	5317	-	Ver Detalle
258	06/10/2021	06/10/2021	NOTA DE CREDITO	211006067219112	CRED.TRANSF.INTERBANCARIAS	MATRIZ	$56,529.61	$1,033,023.33	$1,033,023.33	STA.PRISCILA	PAGO FACT	006925567 000002187 20211006 170535 005894	+	Ver Detalle
259	06/10/2021	06/10/2021	NOTA DE CREDITO	211006004916335	CRED.TRANSF.INTERBANCARIAS	MATRIZ	$405,969.34	$976,493.72	$976,493.72	INDUSTRIAL PESQUERA SANTA P	INDUSTRIAL PESQUERA SANTA PRISCILA SA-PAGO A TERCEROS	006924982 000009082 20211006 170535 000446	+	Ver Detalle
260	06/10/2021	06/10/2021	CHEQUE	158072	PAGADO                                   - 158072	PS.VIA DAULE	$160.00	$570,524.38	$570,524.38	C 0915760359    OJEDA RAMIREZ JUAN MANUEL			-	Ver Detalle
261	06/10/2021	06/10/2021	NOTA DE DEBITO	1006777732875	RECAUD.DEP TEMPORAL CONTECON GYE SA T	MATRIZ	$2,615.05	$570,684.38	$570,684.38				-	Ver Detalle
262	06/10/2021	06/10/2021	NOTA DE DEBITO	1006188948012	RECAUD.DEP TEMPORAL CONTECON GYE SA T	MATRIZ	$2,339.52	$573,299.43	$573,299.43				-	Ver Detalle
263	06/10/2021	06/10/2021	NOTA DE DEBITO	1006662753741	CP:0000071679066	MATRIZ	$252.12	$575,638.95	$575,638.95	71679066		06102021	-	Ver Detalle
264	06/10/2021	06/10/2021	NOTA DE DEBITO	1006129492029	CP:0000071675720	MATRIZ	$533.14	$575,891.07	$575,891.07	71675720		06102021	-	Ver Detalle
265	06/10/2021	06/10/2021	NOTA DE DEBITO	1006956974511	CP:0000071677365	MATRIZ	$3,645.52	$576,424.21	$576,424.21	71677365		06102021	-	Ver Detalle
266	06/10/2021	06/10/2021	NOTA DE DEBITO	1006391643954	CP:0000071674916	MATRIZ	$1,900.00	$580,069.73	$580,069.73	71674916		06102021	-	Ver Detalle
267	06/10/2021	06/10/2021	NOTA DE DEBITO	1006361148314	CP:0000071675352	MATRIZ	$950.00	$581,969.73	$581,969.73	71675352		06102021	-	Ver Detalle
268	06/10/2021	06/10/2021	NOTA DE CREDITO	211006072665889	CRED.TRANSF.INTERBANCARIAS	MATRIZ	$10,099.71	$582,919.73	$582,919.73	EMPACADORA BILBO S.A. BILBO	BANCO INTERNACIONAL - CashManagement	006923206 000000279 20211006 130417 001092	+	Ver Detalle
269	06/10/2021	06/10/2021	CHEQUE	158065	PAGADO                                   - 158065	P.CALIFOR	$213.78	$572,820.02	$572,820.02	C 0915760359    OJEDA RAMIREZ JUAN MANUEL			-	Ver Detalle
270	06/10/2021	06/10/2021	NOTA DE DEBITO	1006823981663	DEBITO CLARO	MATRIZ	$524.32	$573,033.80	$573,033.80	1.15832428	CONECEL	3468	-	Ver Detalle
271	06/10/2021	06/10/2021	NOTA DE DEBITO	1006411791275	TARIFA RECAUD X DEB.AUTOM.	MATRIZ	$0.27	$573,558.12	$573,558.12	1.15832428	CONECEL	3468	-	Ver Detalle
272	06/10/2021	06/10/2021	NOTA DE DEBITO	1006411791275	IMP 12% IVA SERVICIOS	MATRIZ	$0.03	$573,558.39	$573,558.39	1.15832428	CONECEL	3468	-	Ver Detalle
273	06/10/2021	06/10/2021	CHEQUE	158075	CERTIFICADO                              - 158075	A. BORJA	$3,460.00	$573,558.42	$573,558.42	MAERSK DEL ECUADOR C			-	Ver Detalle
274	06/10/2021	06/10/2021	CHEQUE	158074	CERTIFICADO                              - 158074	A. BORJA	$2,900.00	$577,018.42	$577,018.42	MAERSK DEL ECUADOR C			-	Ver Detalle
275	06/10/2021	06/10/2021	CHEQUE	158056	PAGADO                                   - 158056	PIAZZA LA JOYA	$145.00	$579,918.42	$579,918.42	C 0915128870    REINOSO ESPINOZA GLADYS VERONICA			-	Ver Detalle
276	06/10/2021	06/10/2021	CHEQUE	158069	PAGADO                                   - 158069	BIG OUTLET VIA DAULE	$1,573.00	$580,063.42	$580,063.42	C 0915760359    OJEDA RAMIREZ JUAN MANUEL			-	Ver Detalle
277	06/10/2021	06/10/2021	CHEQUE	158066	PAGADO                                   - 158066	P.CALIFOR	$1,500.00	$581,636.42	$581,636.42	C 0605830280    CHIMBOLEMA TENEGUSNAY CRISTIAN BLADIMIR			-	Ver Detalle
278	06/10/2021	06/10/2021	CHEQUE	158070	PAGADO                                   - 158070	P.CALIFOR	$60.00	$583,136.42	$583,136.42	C 0605830280    CHIMBOLEMA TENEGUSNAY CRISTIAN BLADIMIR			-	Ver Detalle
279	06/10/2021	06/10/2021	NOTA DE CREDITO	211006017010510	CRED.TRANSF.INTERBANCARIAS	MATRIZ	$57,101.43	$583,196.42	$583,196.42	SOLUBLES INSTAN	Pagos Factura	006921346 000004009 20211006 090608 009308	+	Ver Detalle
280	06/10/2021	06/10/2021	NOTA DE CREDITO	211006080431690	CRED.TRANSF.INTERBANCARIAS	MATRIZ	$16,233.95	$526,094.99	$526,094.99	PROCESADORA Y EXPORTADORA D	BANCO INTERNACIONAL - CashManagement	006921472 000001111 20211006 090608 004225	+	Ver Detalle
281	06/10/2021	06/10/2021	NOTA DE CREDITO	211006042354483	CRED.TRANSF.INTERBANCARIAS	MATRIZ	$8,614.07	$509,861.04	$509,861.04	PROCESADORA Y EXPORTADORA D	BANCO INTERNACIONAL - CashManagement	006921472 000001198 20211006 090608 004232	+	Ver Detalle
282	06/10/2021	06/10/2021	NOTA DE CREDITO	211006070342880	CRED.TRANSF.INTERBANCARIAS	MATRIZ	$159,857.71	$501,246.97	$501,246.97	CERVECERIA	Vease aviso de 05.10.2021	006921378 000008784 20211006 090608 007479	+	Ver Detalle
283	05/10/2021	05/10/2021	CHEQUE	158029	TRANSFERIDO                              - 158029	MATRIZ	$117.30	$340,406.76	$341,389.26				-	Ver Detalle
284	05/10/2021	05/10/2021	NOTA DE CREDITO	1005160658936	PAGO A TERCEROS	MATRIZ	$1,400.00	$340,524.06	$341,506.56	FRIGORIFICO Y LABORATORIO DE PESCA FRILA		5158284	+	Ver Detalle
285	05/10/2021	05/10/2021	NOTA DE CREDITO	211005090919136	CRED.TRANSF.INTERBANCARIAS	MATRIZ	$231.11	$339,124.06	$340,106.56	TESIA LABORATOR	GRAFIMPAC PAGO CAJA PROAMINO	006918433 000003408 20211005 130404 007153	+	Ver Detalle
286	05/10/2021	05/10/2021	NOTA DE CREDITO	211005022764319	CRED.TRANSF.INTERBANCARIAS	MATRIZ	$500.00	$338,892.95	$339,875.45	SINMEDIC SXAX	BANCO INTERNACIONAL - CashManagement	006918804 000002060 20211005 130404 001071	+	Ver Detalle
287	05/10/2021	05/10/2021	DEPOSITO	408146	LOCALES	CAMARA COMERCIO CUENC	$982.50	$338,392.95	$339,375.45	REF: ATM:I380   008553			+	Ver Detalle
288	05/10/2021	05/10/2021	NOTA DE DEBITO	1005060481302	CP:0000071509545	MATRIZ	$1,341.12	$338,392.95	$338,392.95	71509545		05102021	-	Ver Detalle
289	05/10/2021	05/10/2021	CHEQUE	158064	PAGADO                                   - 158064	PS.VIA DAULE	$200.00	$339,734.07	$339,734.07	C 0941582850    CAICEDO ZAMBRANO JORGE GABRIEL			-	Ver Detalle
290	05/10/2021	05/10/2021	NOTA DE DEBITO	1005151684266	RECAUD.CNEL UNID.ELECT.GUAYAQUIL   TR	MATRIZ	$11,174.93	$339,934.07	$339,934.07	0400708285	EMPRESA ELECTRICA PUBLICA ESTRATEGICA CO	1140837	-	Ver Detalle
291	05/10/2021	05/10/2021	CHEQUE	158059	PAGADO                                   - 158059	ALBORADA	$630.00	$351,109.00	$351,109.00	C 0915760359    OJEDA RAMIREZ JUAN MANUEL			-	Ver Detalle
292	05/10/2021	05/10/2021	CHEQUE	158068	PAGADO                                   - 158068	ALBORADA	$1,500.00	$351,739.00	$351,739.00	C 0915760359    OJEDA RAMIREZ JUAN MANUEL			-	Ver Detalle
293	05/10/2021	05/10/2021	NOTA DE CREDITO	211005070916006	CRED.TRANSF.INTERBANCARIAS	MATRIZ	$4,000.00	$353,239.00	$353,239.00	DONUT HOUSE	GRAFIMPAC ABONO FAC 074937	006917057 000005627 20211005 090645 012821	+	Ver Detalle
294	05/10/2021	05/10/2021	NOTA DE DEBITO	1005539646799	PAGO INTERAGUA TR	MATRIZ	$20.18	$349,239.00	$349,239.00	448569	INTERAGUA	1040182	-	Ver Detalle
295	05/10/2021	05/10/2021	NOTA DE DEBITO	1005850221532	COM.PAGO SERVICIOS	MATRIZ	$0.27	$349,259.18	$349,259.18	448569	INTERAGUA	1040182	-	Ver Detalle
296	05/10/2021	05/10/2021	NOTA DE DEBITO	1005850221532	IMP 12% IVA SERVICIOS	MATRIZ	$0.03	$349,259.45	$349,259.45	448569	INTERAGUA	1040182	-	Ver Detalle
297	04/10/2021	04/10/2021	CHEQUE	158055	PAGADO                                   - 158055	MALL/SOL	$600.00	$349,259.48	$349,259.48	C 0917494833    RAZA CAICEDO JAVIER ARTURO			-	Ver Detalle
298	04/10/2021	04/10/2021	CHEQUE	157940	PAGADO                                   - 157940	PS.DURAN	$58.00	$349,859.48	$349,859.48	C 0950441881    VALENCIA QUITO KIARA LISBETH			-	Ver Detalle
299	04/10/2021	04/10/2021	CHEQUE	158051	PAGADO                                   - 158051	PS.DURAN	$145.00	$349,917.48	$349,917.48	C 0950441881    VALENCIA QUITO KIARA LISBETH			-	Ver Detalle
300	04/10/2021	04/10/2021	CHEQUE	158063	PAGADO                                   - 158063	P.CALIFOR	$223.24	$350,062.48	$350,062.48	C 0915760359    OJEDA RAMIREZ JUAN MANUEL			-	Ver Detalle
301	04/10/2021	04/10/2021	NOTA DE CREDITO	211004091654333	CRED.TRANSF.INTERBANCARIAS	MATRIZ	$4,987.51	$350,285.72	$350,285.72	SWEET AND COFFE	TRANSFERENCIA A PROVEEDOR  123	006914365 000004334 20211004 130735 009054	+	Ver Detalle
302	04/10/2021	04/10/2021	NOTA DE DEBITO	1004508553205	CP:0000071372639	MATRIZ	$165.00	$345,298.21	$345,298.21	71372639		04102021	-	Ver Detalle
303	04/10/2021	04/10/2021	NOTA DE DEBITO	1004699354446	RECAUD.TRB GCB              BASURA TR	MATRIZ	$1,442.13	$345,463.21	$345,463.21	10870871	INTERAGUA	1040153	-	Ver Detalle
304	04/10/2021	04/10/2021	NOTA DE DEBITO	1004777431395	CP:0000071367999	MATRIZ	$484.08	$346,905.34	$346,905.34	71367999		04102021	-	Ver Detalle
305	04/10/2021	04/10/2021	NOTA DE DEBITO	1004804640078	CP:0000071356839	MATRIZ	$486.17	$347,389.42	$347,389.42	71356839		04102021	-	Ver Detalle
306	04/10/2021	04/10/2021	NOTA DE DEBITO	1004406222652	CP:0000071355888	MATRIZ	$2,900.00	$347,875.59	$347,875.59	71355888		04102021	-	Ver Detalle
307	04/10/2021	04/10/2021	NOTA DE DEBITO	1004322062454	CP:0000071356469	MATRIZ	$571.65	$350,775.59	$350,775.59	71356469		04102021	-	Ver Detalle
308	04/10/2021	04/10/2021	NOTA DE DEBITO	1004746832400	CP:0000071355492	MATRIZ	$3,460.00	$351,347.24	$351,347.24	71355492		04102021	-	Ver Detalle
309	04/10/2021	04/10/2021	NOTA DE DEBITO	1004207145189	CP:0000071354847	MATRIZ	$1,036.76	$354,807.24	$354,807.24	71354847		04102021	-	Ver Detalle
310	04/10/2021	04/10/2021	NOTA DE DEBITO	1004619722530	PAGO INTERAGUA TR	MATRIZ	$326.83	$355,844.00	$355,844.00	482884	INTERAGUA	1040182	-	Ver Detalle
311	04/10/2021	04/10/2021	NOTA DE CREDITO	211004006262180	CRED.TRANSF.INTERBANCARIAS	MATRIZ	$14,176.30	$356,170.83	$356,170.83	EXPOTUNA S.A	GRAFIMPAC S A	006913035 000008382 20211004 090955 019496	+	Ver Detalle
312	04/10/2021	04/10/2021	NOTA DE CREDITO	211004051205410	CRED.TRANSF.INTERBANCARIAS	MATRIZ	$6,617.87	$341,994.53	$341,994.53	EUROFISH S.A.	BANCO INTERNACIONAL - CashManagement	006913216 000001475 20211004 090955 007176	+	Ver Detalle
313	04/10/2021	04/10/2021	NOTA DE DEBITO	1004004436015	CP:0000071126360	MATRIZ	$1,432.20	$335,376.66	$335,376.66	71126360		01102021	-	Ver Detalle
314	04/10/2021	04/10/2021	NOTA DE DEBITO	1004710690175	CP:0000071126700	MATRIZ	$525.63	$336,808.86	$336,808.86	71126700		01102021	-	Ver Detalle
315	04/10/2021	04/10/2021	NOTA DE DEBITO	1004817594073	CP:0000071127033	MATRIZ	$57,416.04	$337,334.49	$337,334.49	71127033		31092021	-	Ver Detalle
316	02/10/2021	04/10/2021	CHEQUE	158049	PAGADO                                   - 158049	HIP.VIA COSTA	$106.33	$394,750.53	$394,750.53	C 0930751334    DROUET URETA MARIA GABRIELA			-	Ver Detalle
317	01/10/2021	01/10/2021	NOTA DE CREDITO	211001021699237	CRED.TRANSF.INTERBANCARIAS	MATRIZ	$5,000.00	$386,685.39	$394,856.86	EXPORTADORA TOT	GRAFICAS IMPACTO GRAFIMPAC S.A. - ABONO FACT # 75538 OC#5392	006912545 000007191 20211001 170518 009505	+	Ver Detalle
318	01/10/2021	01/10/2021	NOTA DE CREDITO	211001061093843	CRED.TRANSF.INTERBANCARIAS	MATRIZ	$2,944.35	$381,685.39	$389,856.86	LABORAT HG	REF FACT	006911982 000002953 20211001 170518 007470	+	Ver Detalle
319	01/10/2021	01/10/2021	CHEQUE	158060	PAGADO                                   - 158060	PUERTO MARITIMO	$1,260.00	$378,741.04	$386,912.51	C 0703253765    CASTILLO CEDILLO JHONY WILSON			-	Ver Detalle
320	01/10/2021	01/10/2021	DEPOSITO	677728	LOCALES	MATRIZ	$8,171.47	$380,001.04	$388,172.51	29270272	001102021111344	Lot:29270272,UT:MARINA ALVARADO-000360	+	Ver Detalle
321	01/10/2021	01/10/2021	NOTA DE CREDITO	211001026762949	CRED.TRANSF.INTERBANCARIAS	MATRIZ	$711.01	$380,001.04	$380,001.04	TONI	1500101893	006908610 000006273 20211001 090531 013970	+	Ver Detalle
322	30/09/2021	01/10/2021	CHEQUE	158058	CAMARA                                   - 158058	MATRIZ	$95.69	$379,290.03	$379,290.03				-	Ver Detalle
