
				Corte de Estado de Cuenta
	CUENTA:	0002630052				NOMBRE:	GRAFICAS IMPACTO GRAFIMPAC S A
	PERIODO:	ACTUALDesde  01/09/2021  Hasta  01/10/2021
	ASESOR ASIGNADO:	ESTHER ARAGUNDI G

	SALDO:	$379,290.03		SALDO DISPONIBLE:	$379,012.20		SALDO FINAL POR CONFIRMAR:	$277.83

#	Fecha Transaccion	Fecha Contable	Tipo Movimiento	Documento	Concepto	Agencia	Monto	Saldo Efectivo	Saldo Total	Referencia	Referencia 2	Referencia 3	Signo	Ver Detalle
1	30/09/2021	01/10/2021	CHEQUE	158058	CAMARA                    - 158058	MATRIZ	$95.69	$379,012.20	$379,290.03				-	Ver Detalle
2	30/09/2021	30/09/2021	NOTA DE CREDITO	210930041017996	INT.CTA.RENTABLE	MATRIZ	$156.89	$379,107.89	$379,385.72				+	Ver Detalle
3	30/09/2021	30/09/2021	NOTA DE DEBITO	210930093354038	RENDIMIENTO 2 PORCIENTO	MATRIZ	$3.13	$378,951.00	$379,228.83				-	Ver Detalle
4	30/09/2021	30/09/2021	NOTA DE DEBITO	930334686001	COMIS.SWIFT EUROPA PROVEEDORES	MATRIZ	$50.00	$378,954.13	$379,231.96	0	COMISIONES CASH BG DE: 2021-09-01 A 2021-09-30		-	Ver Detalle
5	30/09/2021	30/09/2021	NOTA DE DEBITO	930334686001	IMP 12% IVA SERVICIOS	MATRIZ	$6.00	$379,004.13	$379,281.96	0	COMISIONES CASH BG DE: 2021-09-01 A 2021-09-30		-	Ver Detalle
6	30/09/2021	30/09/2021	NOTA DE DEBITO	930201604461	COMIS.PGO.PROVEEDORES	MATRIZ	$17.00	$379,010.13	$379,287.96	0	COMISIONES CASH BG DE: 2021-09-01 A 2021-09-30		-	Ver Detalle
7	30/09/2021	30/09/2021	NOTA DE DEBITO	930201604461	IMP 12% IVA SERVICIOS	MATRIZ	$2.04	$379,027.13	$379,304.96	0	COMISIONES CASH BG DE: 2021-09-01 A 2021-09-30		-	Ver Detalle
8	30/09/2021	30/09/2021	NOTA DE DEBITO	930825408598	COSTO ROL ELECTRONICO	MATRIZ	$35.71	$379,029.17	$379,307.00	0	COMISIONES CASH BG DE: 2021-09-01 A 2021-09-30		-	Ver Detalle
9	30/09/2021	30/09/2021	NOTA DE DEBITO	930825408598	IMP 12% IVA SERVICIOS	MATRIZ	$4.29	$379,064.88	$379,342.71	0	COMISIONES CASH BG DE: 2021-09-01 A 2021-09-30		-	Ver Detalle
10	30/09/2021	30/09/2021	NOTA DE DEBITO	930767274049	COMIS.SPI PROVEEDORES	MATRIZ	$80.16	$379,069.17	$379,347.00	0	COMISIONES CASH BG DE: 2021-09-01 A 2021-09-30		-	Ver Detalle
11	30/09/2021	30/09/2021	NOTA DE DEBITO	930767274049	IMP 12% IVA SERVICIOS	MATRIZ	$9.62	$379,149.33	$379,427.16	0	COMISIONES CASH BG DE: 2021-09-01 A 2021-09-30		-	Ver Detalle
12	30/09/2021	30/09/2021	NOTA DE DEBITO	930713807974	TARIFA PAGO/NOMINA	MATRIZ	$136.99	$379,158.95	$379,436.78	0	COMISIONES CASH BG DE: 2021-09-01 A 2021-09-30		-	Ver Detalle
13	30/09/2021	30/09/2021	NOTA DE DEBITO	930713807974	IMP 12% IVA SERVICIOS	MATRIZ	$16.44	$379,295.94	$379,573.77	0	COMISIONES CASH BG DE: 2021-09-01 A 2021-09-30		-	Ver Detalle
14	30/09/2021	30/09/2021	CHEQUE	158057	PAGADO                                   - 158057	CITY MALL	$1,000.00	$379,312.38	$379,590.21	C 1803666377    FIALLOS NUNEZ JOAQUIN ERNESTO			-	Ver Detalle
15	30/09/2021	30/09/2021	CHEQUE	158054	PAGADO                                   - 158054	PS.VIA DAULE	$504.36	$380,312.38	$380,590.21	C 0943037887    JIMENEZ BAZURTO STEVEN ENRIQUE			-	Ver Detalle
16	30/09/2021	30/09/2021	CHEQUE	158053	PAGADO                                   - 158053	PS.VIA DAULE	$236.06	$380,816.74	$381,094.57	C 0923083588    ADUM BENITES JOSE ALFREDO			-	Ver Detalle
17	30/09/2021	30/09/2021	NOTA DE CREDITO	210930096903739	CRED.TRANSF.INTERBANCARIAS	MATRIZ	$8,295.54	$381,052.80	$381,330.63	EMPACADORA BILBO S.A. BILBO	BANCO INTERNACIONAL - CashManagement	006903169 000000157 20210930 134219 005501	+	Ver Detalle
18	30/09/2021	30/09/2021	CHEQUE	158052	PAGADO                                   - 158052	P. EMPRESARIAL COLON	$277.89	$372,757.26	$373,035.09	C 0927220962    EUGENIO QUINZO BRYAN GABRIEL			-	Ver Detalle
19	30/09/2021	30/09/2021	NOTA DE DEBITO	930051489466	RECAUD.DEP TEMPORAL CONTECON GYE SA T	MATRIZ	$457.70	$373,035.15	$373,312.98				-	Ver Detalle
20	30/09/2021	30/09/2021	NOTA DE DEBITO	930220288369	CP:0000070951884	MATRIZ	$1,192.00	$373,492.85	$373,770.68	70951884		30092021	-	Ver Detalle
21	30/09/2021	30/09/2021	CHEQUE	158036	PAGADO                                   - 158036	CENTENARI	$400.00	$374,684.85	$374,962.68	C 0921898409    ORDONEZ VELEZ PRISCILA VANESSA			-	Ver Detalle
22	30/09/2021	30/09/2021	NOTA DE DEBITO	930786407138	DEBITO ROL ELECTRONICO	MATRIZ	$7,692.97	$375,084.85	$375,362.68	70940233		30092021	-	Ver Detalle
23	30/09/2021	30/09/2021	NOTA DE DEBITO	930421110699	SUELDO GRAFIMPAC S.A.	MATRIZ	$17,163.13	$382,777.82	$383,055.65	70940921		30092021	-	Ver Detalle
24	30/09/2021	30/09/2021	NOTA DE DEBITO	930322442612	SUELDO GRAFIMPAC S.A.	MATRIZ	$27,371.21	$399,940.95	$400,218.78	70940516		30092021	-	Ver Detalle
25	30/09/2021	30/09/2021	DEPOSITO	800687	EFECTIVO	ALBORADA	$15.60	$427,312.16	$427,589.99	C 0915760359    OJEDA RAMIREZ JUAN MANUEL			+	Ver Detalle
26	30/09/2021	30/09/2021	CHEQUE	158039	PAGADO                                   - 158039	P.CALIFOR	$1,500.00	$427,296.56	$427,574.39	C 0605830280    CHIMBOLEMA TENEGUSNAY CRISTIAN BLADIMIR			-	Ver Detalle
27	30/09/2021	30/09/2021	DEPOSITO	790092	LOCALES	MATRIZ	$277.83	$428,796.56	$429,074.39	29253568	030092021081109	Lot:29253568,UT:MARINA ALVARADO-000360	+	Ver Detalle
28	29/09/2021	29/09/2021	NOTA DE CREDITO	210929061572076	CRED.TRANSF.INTERBANCARIAS	MATRIZ	$42,867.32	$428,796.56	$428,796.56	STA.PRISCILA	PAGO FACT	006902439 000002352 20210929 171541 016317	+	Ver Detalle
29	29/09/2021	29/09/2021	NOTA DE CREDITO	210929086817345	CRED.TRANSF.INTERBANCARIAS	MATRIZ	$13,197.46	$385,929.24	$385,929.24	MARISCOS DEL ECUADOR MARECU	MARISCOS DEL ECUADOR MARECUADOR CIA LTDA-PAGO PROVEEDORES	006902366 000006127 20210929 171541 000410	+	Ver Detalle
30	29/09/2021	29/09/2021	CHEQUE	158041	PAGADO                                   - 158041	PS.VIA DAULE	$200.00	$372,731.78	$372,731.78	C 0919388223    AVILA ZUNIGA DANIEL ENRIQUE			-	Ver Detalle
31	29/09/2021	29/09/2021	NOTA DE DEBITO	929738712818	RECAUD.DEP TEMPORAL INARPI SA       T	MATRIZ	$180.66	$372,931.78	$372,931.78	7400001051000347047	INARPI S A	142463	-	Ver Detalle
32	29/09/2021	29/09/2021	NOTA DE DEBITO	929460500185	ARANCELES ADUANEROS	MATRIZ	$2,840.32	$373,112.44	$373,112.44	42077386	SENAE	142433	-	Ver Detalle
33	29/09/2021	29/09/2021	NOTA DE DEBITO	929181460358	CP:0000070804220	MATRIZ	$560.00	$375,952.76	$375,952.76	70804220		29092021	-	Ver Detalle
34	29/09/2021	29/09/2021	NOTA DE DEBITO	929242767781	ARANCELES ADUANEROS	MATRIZ	$3,319.97	$376,512.76	$376,512.76	42074907	SENAE	142433	-	Ver Detalle
35	29/09/2021	29/09/2021	NOTA DE CREDITO	929583593537	PAGO A TERCEROS	MATRIZ	$560.00	$379,832.73	$379,832.73	DEVOLUCION -  70722991		28092021	+	Ver Detalle
36	29/09/2021	29/09/2021	NOTA DE DEBITO	929939921743	CP:0000070722991	MATRIZ	$560.00	$379,272.73	$379,272.73	70722991		28092021	-	Ver Detalle
37	29/09/2021	29/09/2021	NOTA DE DEBITO	929571412018	CP:0000070723716	MATRIZ	$144.25	$379,832.73	$379,832.73	70723716		29082021	-	Ver Detalle
38	29/09/2021	29/09/2021	CHEQUE	158038	PAGADO                                   - 158038	P.CALIFOR	$1,500.00	$379,976.98	$379,976.98	C 0605830280    CHIMBOLEMA TENEGUSNAY CRISTIAN BLADIMIR			-	Ver Detalle
39	29/09/2021	29/09/2021	DEPOSITO	231921	EFECTIVO	ALBORADA	$30.00	$381,476.98	$381,476.98	C 0915760359    OJEDA RAMIREZ JUAN MANUEL			+	Ver Detalle
40	28/09/2021	28/09/2021	CHEQUE	158045	PAGADO                                   - 158045	PS.VIA DAULE	$1,239.01	$381,446.98	$381,446.98	C 0915760359    OJEDA RAMIREZ JUAN MANUEL			-	Ver Detalle
41	28/09/2021	28/09/2021	DEPOSITO	104917	EFECTIVO	PIAZZA SAMBORONDON	$9.65	$382,685.99	$382,685.99	R 0991126864001 GRAFICAS IMPACTO GRAFIMPAC S A			+	Ver Detalle
42	28/09/2021	28/09/2021	CHEQUE	158043	PAGADO                                   - 158043	PIAZZA SAMBORONDON	$600.00	$382,676.34	$382,676.34	C 0921017711    SACON CHUEZ DIEGO JONATHAN			-	Ver Detalle
43	28/09/2021	28/09/2021	CHEQUE	158042	PAGADO                                   - 158042	MATRIZ	$970.86	$383,276.34	$383,276.34	C 0915760359    OJEDA RAMIREZ JUAN MANUEL			-	Ver Detalle
44	28/09/2021	28/09/2021	NOTA DE CREDITO	928781869556	PAGO A TERCEROS	MATRIZ	$66,268.59	$384,247.20	$384,247.20	EXPALSA EXPORTADORA DE ALIMENTOS S A			+	Ver Detalle
45	28/09/2021	28/09/2021	NOTA DE CREDITO	928379411294	PAGO A TERCEROS	MATRIZ	$19,516.55	$317,978.61	$317,978.61	EXPALSA EXPORTADORA DE ALIMENTOS S A			+	Ver Detalle
46	28/09/2021	28/09/2021	NOTA DE DEBITO	928449861830	CP:0000070706170	MATRIZ	$122.22	$298,462.06	$298,462.06	70706170		28092021	-	Ver Detalle
47	28/09/2021	28/09/2021	DEPOSITO	548486	EFECTIVO	ALBORADA	$10.00	$298,584.28	$298,584.28	C 0915760359    OJEDA RAMIREZ JUAN MANUEL			+	Ver Detalle
48	28/09/2021	28/09/2021	CHEQUE	158040	PAGADO                                   - 158040	ALBORADA	$1,541.80	$298,574.28	$298,574.28	C 0915760359    OJEDA RAMIREZ JUAN MANUEL			-	Ver Detalle
49	28/09/2021	28/09/2021	CHEQUE	158037	PAGADO                                   - 158037	P.CALIFOR	$1,500.00	$300,116.08	$300,116.08	C 0915760359    OJEDA RAMIREZ JUAN MANUEL			-	Ver Detalle
50	27/09/2021	28/09/2021	CHEQUE	158028	CAMARA                                   - 158028	MATRIZ	$95,216.93	$301,616.08	$301,616.08				-	Ver Detalle
51	27/09/2021	28/09/2021	CHEQUE	157999	CAMARA                                   - 157999	MATRIZ	$379.68	$396,833.01	$396,833.01				-	Ver Detalle
52	27/09/2021	27/09/2021	CHEQUE	158035	TRANSFERIDO                              - 158035	MATRIZ	$500.00	$397,212.69	$397,212.69				-	Ver Detalle
53	27/09/2021	27/09/2021	NOTA DE CREDITO	210927007399885	CRED.TRANSF.INTERBANCARIAS	MATRIZ	$1,886.94	$397,712.69	$397,712.69	DERELAMAR	GRAFIMPAC CANC FACT 75467	006890510 000000591 20210927 171427 005417	+	Ver Detalle
54	27/09/2021	27/09/2021	NOTA DE CREDITO	927273983326	PAGO A TERCEROS	MATRIZ	$3,000.00	$395,825.75	$395,825.75	868955660	DONUT HOUSE S A		+	Ver Detalle
55	27/09/2021	27/09/2021	NOTA DE CREDITO	210927095156701	CRED.TRANSF.INTERBANCARIAS	MATRIZ	$1,878.66	$392,825.75	$392,825.75	BABY S	CANC.FACT# 75353	006888650 000001849 20210927 130703 004887	+	Ver Detalle
56	27/09/2021	27/09/2021	NOTA DE CREDITO	927731078895	PAGO A TERCEROS	MATRIZ	$1,473.27	$390,947.09	$390,947.09	868903945	CARTULINA VERDE OLIPACK S A	74798	+	Ver Detalle
57	27/09/2021	27/09/2021	NOTA DE CREDITO	210927015548498	CRED.TRANSF.INTERBANCARIAS	MATRIZ	$9,100.12	$389,473.82	$389,473.82	EXPORTADORA TOT	GRAFICAS IMPACTO GRAFIMPAC S.A. - CANCELACION FACT # 75461	006887194 000013627 20210927 091334 012630	+	Ver Detalle
58	27/09/2021	27/09/2021	NOTA DE CREDITO	1574225	TRANSF RECIBIDAS DEL EXTERIOR	MATRIZ	$100,875.52	$380,373.70	$380,373.70	MARINASOL S.A.  DOC.ID. 20513632569  A	CITIBANK	REFERENCIA: 8308052026 REF.SWIFT: S06126737CE901	+	Ver Detalle
59	25/09/2021	27/09/2021	CHEQUE	157990	PAGADO                                   - 157990	PS.RIOBAMBA	$1,500.00	$279,498.18	$279,498.18	C 0605830280    CHIMBOLEMA TENEGUSNAY CRISTIAN BLADIMIR			-	Ver Detalle
60	24/09/2021	27/09/2021	CHEQUE	158020	CAMARA                                   - 158020	MATRIZ	$2,835.00	$280,998.18	$280,998.18				-	Ver Detalle
61	24/09/2021	27/09/2021	CHEQUE	158027	CAMARA                                   - 158027	MATRIZ	$965.00	$283,833.18	$283,833.18				-	Ver Detalle
62	24/09/2021	24/09/2021	NOTA DE CREDITO	210924064157673	CRED.TRANSF.INTERBANCARIAS	MATRIZ	$1,149.52	$284,798.18	$284,798.18	DYVENPRO	PAG-0014993	006886790 000002039 20210924 170826 008431	+	Ver Detalle
63	24/09/2021	24/09/2021	NOTA DE CREDITO	210924077802247	CRED.TRANSF.INTERBANCARIAS	MATRIZ	$14,577.07	$283,648.66	$283,648.66	MARISCOS DEL ECUADOR MARECU	MARISCOS DEL ECUADOR MARECUADOR CIA LTDA-PAGO PROVEEDORES	006886619 000001203 20210924 170826 000950	+	Ver Detalle
64	24/09/2021	24/09/2021	NOTA DE DEBITO	924828361174	CP:0000070391611	MATRIZ	$87,675.15	$269,071.59	$269,071.59	70391611		23092021	-	Ver Detalle
65	24/09/2021	24/09/2021	CHEQUE	158034	PAGADO                                   - 158034	PS.VIA DAULE	$300.00	$356,746.74	$356,746.74	C 0924859531    CEDENO PILAY WILLIAN BERNARDO			-	Ver Detalle
66	24/09/2021	24/09/2021	CHEQUE	158032	PAGADO                                   - 158032	P.CALIFOR	$1,018.50	$357,046.74	$357,046.74	C 0915760359    OJEDA RAMIREZ JUAN MANUEL			-	Ver Detalle
67	24/09/2021	24/09/2021	CHEQUE	158031	PAGADO                                   - 158031	P.CALIFOR	$1,020.53	$358,065.24	$358,065.24	C 0915760359    OJEDA RAMIREZ JUAN MANUEL			-	Ver Detalle
68	24/09/2021	24/09/2021	CHEQUE	158033	PAGADO                                   - 158033	CITY MALL	$390.00	$359,085.77	$359,085.77	C 0909886772    SANCHEZ MANZABA VICTOR HUGO			-	Ver Detalle
69	24/09/2021	24/09/2021	NOTA DE CREDITO	3500005152	PAGO A TERCEROS	MATRIZ	$6,615.96	$359,475.77	$359,475.77	PROCESADORA POSORJA PROPOSORJA		2764296	+	Ver Detalle
70	24/09/2021	24/09/2021	DEPOSITO	111550	EFECTIVO	PIAZZA LA JOYA	$3.00	$352,859.81	$352,859.81	C 0919357095    DELGADO DIAZ GERMAN ERNESTO			+	Ver Detalle
71	24/09/2021	24/09/2021	NOTA DE CREDITO	210924087553346	CRED.TRANSF.INTERBANCARIAS	MATRIZ	$5,767.35	$352,856.81	$352,856.81	NATLUK S.A.	PAGOS ADMINISTRATIVOS	006883349 000002238 20210924 090555 006212	+	Ver Detalle
72	24/09/2021	24/09/2021	NOTA DE CREDITO	210924030557054	CRED.TRANSF.INTERBANCARIAS	MATRIZ	$618.96	$347,089.46	$347,089.46	MARAMAR S A	PRODUBANCO - CashManagement	006883345 000000743 20210924 090555 002999	+	Ver Detalle
73	23/09/2021	24/09/2021	CHEQUE	158019	CAMARA                                   - 158019	MATRIZ	$101.32	$346,470.50	$346,470.50				-	Ver Detalle
74	23/09/2021	23/09/2021	DEPOSITO	305867	LOCALES	EL PORTAL SHOPPING	$3,520.15	$343,051.67	$346,571.82	C 1314652866    ALCIVAR MOREIRA CARLOS ALBERTO			+	Ver Detalle
75	23/09/2021	23/09/2021	DEPOSITO	56630	EFECTIVO	P.CALIFOR	$14.25	$343,051.67	$343,051.67	C 0915760359    OJEDA RAMIREZ JUAN MANUEL			+	Ver Detalle
76	23/09/2021	23/09/2021	DEPOSITO	470410	EFECTIVO	P.CALIFOR	$13.20	$343,037.42	$343,037.42	C 0915760359    OJEDA RAMIREZ JUAN MANUEL			+	Ver Detalle
77	23/09/2021	23/09/2021	DEPOSITO	151102	EFECTIVO	P.CALIFOR	$9.75	$343,024.22	$343,024.22	C 0915760359    OJEDA RAMIREZ JUAN MANUEL			+	Ver Detalle
78	23/09/2021	23/09/2021	DEPOSITO	998583	EFECTIVO	P.CALIFOR	$9.75	$343,014.47	$343,014.47	C 0915760359    OJEDA RAMIREZ JUAN MANUEL			+	Ver Detalle
79	23/09/2021	23/09/2021	DEPOSITO	83551	EFECTIVO	P.CALIFOR	$12.60	$343,004.72	$343,004.72	C 0915760359    OJEDA RAMIREZ JUAN MANUEL			+	Ver Detalle
80	23/09/2021	23/09/2021	DEPOSITO	627279	EFECTIVO	P.CALIFOR	$12.60	$342,992.12	$342,992.12	C 0915760359    OJEDA RAMIREZ JUAN MANUEL			+	Ver Detalle
81	23/09/2021	23/09/2021	DEPOSITO	239080	EFECTIVO	P.CALIFOR	$12.60	$342,979.52	$342,979.52	C 0915760359    OJEDA RAMIREZ JUAN MANUEL			+	Ver Detalle
82	23/09/2021	23/09/2021	DEPOSITO	511235	EFECTIVO	P.CALIFOR	$12.60	$342,966.92	$342,966.92	C 0915760359    OJEDA RAMIREZ JUAN MANUEL			+	Ver Detalle
83	23/09/2021	23/09/2021	DEPOSITO	167700	EFECTIVO	P.CALIFOR	$20.00	$342,954.32	$342,954.32	C 0915760359    OJEDA RAMIREZ JUAN MANUEL			+	Ver Detalle
84	23/09/2021	23/09/2021	NOTA DE CREDITO	210923027646112	CRED.TRANSF.INTERBANCARIAS	MATRIZ	$17,046.38	$342,934.32	$342,934.32	EMPACADORA BILBO S.A. BILBO	BANCO INTERNACIONAL - CashManagement	006879270 000000043 20210923 091614 002328	+	Ver Detalle
85	23/09/2021	23/09/2021	NOTA DE DEBITO	10441	PC -ENDOSO DFCIENT	MATRIZ	$8,171.47	$325,887.94	$325,887.94	BANCO PICHINCHA	3345068404	040 ENDOSO DFCIENT	-	Ver Detalle
86	23/09/2021	23/09/2021	NOTA DE DEBITO	10441	COMISION CHEQUE DEV	MATRIZ	$2.49	$334,059.41	$334,059.41	BANCO PICHINCHA	3345068404	040 ENDOSO DFCIENT	-	Ver Detalle
87	23/09/2021	23/09/2021	NOTA DE DEBITO	10441	IMP 12% IVA SERVICIOS	MATRIZ	$0.30	$334,061.90	$334,061.90	BANCO PICHINCHA	3345068404	040 ENDOSO DFCIENT	-	Ver Detalle
88	22/09/2021	23/09/2021	CHEQUE	158024	CAMARA                                   - 158024	MATRIZ	$12,892.80	$334,062.20	$334,062.20				-	Ver Detalle
89	22/09/2021	23/09/2021	CHEQUE	158025	CAMARA                                   - 158025	MATRIZ	$4,361.00	$346,955.00	$346,955.00				-	Ver Detalle
90	22/09/2021	23/09/2021	CHEQUE	158022	CAMARA                                   - 158022	MATRIZ	$1,626.96	$351,316.00	$351,316.00				-	Ver Detalle
91	22/09/2021	22/09/2021	NOTA DE CREDITO	210922039904629	CRED.TRANSF.INTERBANCARIAS	MATRIZ	$12,438.60	$344,771.49	$352,942.96	STA.PRISCILA	PAGO FACT	006878702 000001678 20210922 170724 004004	+	Ver Detalle
92	22/09/2021	22/09/2021	NOTA DE CREDITO	210922056957788	CRED.TRANSF.INTERBANCARIAS	MATRIZ	$15,084.83	$332,332.89	$340,504.36	PROCESADORA Y EXPORTADORA D	BANCO INTERNACIONAL - CashManagement	006878991 000001105 20210922 170724 000594	+	Ver Detalle
93	22/09/2021	22/09/2021	NOTA DE CREDITO	210922098418083	CRED.TRANSF.INTERBANCARIAS	MATRIZ	$3,502.02	$317,248.06	$325,419.53	PROCESADORA Y EXPORTADORA D	BANCO INTERNACIONAL - CashManagement	006878991 000001026 20210922 170724 000589	+	Ver Detalle
94	22/09/2021	22/09/2021	NOTA DE CREDITO	210922080954901	CRED.TRANSF.INTERBANCARIAS	MATRIZ	$36,922.16	$313,746.04	$321,917.51	PROCESADORA Y EXPORTADORA D	BANCO INTERNACIONAL - CashManagement	006878991 000000835 20210922 170724 000572	+	Ver Detalle
95	22/09/2021	22/09/2021	NOTA DE CREDITO	210922098057236	CRED.TRANSF.INTERBANCARIAS	MATRIZ	$46,203.01	$276,823.88	$284,995.35	PROCESADORA Y EXPORTADORA D	BANCO INTERNACIONAL - CashManagement	006878991 000000799 20210922 170724 000569	+	Ver Detalle
96	22/09/2021	22/09/2021	CHEQUE	157841	PAGADO                                   - 157841	MALL/SOL	$295.76	$230,620.87	$238,792.34	C 0931874234    CANTOS CABRERA JORDAN STEEVEN			-	Ver Detalle
97	22/09/2021	22/09/2021	CHEQUE	158023	PAGADO                                   - 158023	PIAZZA SAMBORONDON	$100.00	$230,916.63	$239,088.10	C 0921017711    SACON CHUEZ DIEGO JONATHAN			-	Ver Detalle
98	22/09/2021	22/09/2021	CHEQUE	158026	PAGADO                                   - 158026	PS.VIA DAULE	$419.42	$231,016.63	$239,188.10	C 0919945188    CALDERON BORBOR JORGE FELIPE			-	Ver Detalle
99	22/09/2021	22/09/2021	NOTA DE DEBITO	922813558958	RECAUD.DEP TEMPORAL INARPI SA       T	MATRIZ	$165.71	$231,436.05	$239,607.52	7400001051000344027	INARPI S A	142463	-	Ver Detalle
100	22/09/2021	22/09/2021	NOTA DE DEBITO	922596916604	CP:0000070244583	MATRIZ	$666.30	$231,601.76	$239,773.23	70244583		22092021	-	Ver Detalle
101	22/09/2021	22/09/2021	NOTA DE DEBITO	922585166384	CP:0000070243754	MATRIZ	$978.12	$232,268.06	$240,439.53	70243754		22092021	-	Ver Detalle
102	22/09/2021	22/09/2021	DEPOSITO	925182	EFECTIVO	PS.VIA DAULE	$20.00	$233,246.18	$241,417.65	E 2             2			+	Ver Detalle
103	22/09/2021	22/09/2021	CHEQUE	158018	PAGADO                                   - 158018	PS.VIA DAULE	$826.45	$233,226.18	$241,397.65	C 0915760359    OJEDA RAMIREZ JUAN MANUEL			-	Ver Detalle
104	22/09/2021	22/09/2021	DEPOSITO	594341	LOCALES	MANTA	$8,171.47	$234,052.63	$242,224.10	C 1305799502    DE MERA SANTOS VICTOR EDUARDO			+	Ver Detalle
105	22/09/2021	22/09/2021	CHEQUE	158016	PAGADO                                   - 158016	P.CALIFOR	$1,500.00	$234,052.63	$234,052.63	C 0605830280    CHIMBOLEMA TENEGUSNAY CRISTIAN BLADIMIR			-	Ver Detalle
106	22/09/2021	22/09/2021	NOTA DE DEBITO	922858224885	ARANCELES ADUANEROS	MATRIZ	$3,097.08	$235,552.63	$235,552.63	42057286	SENAE	142433	-	Ver Detalle
107	21/09/2021	22/09/2021	CHEQUE	158021	CAMARA                                   - 158021	MATRIZ	$1,850.00	$238,649.71	$238,649.71				-	Ver Detalle
108	21/09/2021	21/09/2021	NOTA DE CREDITO	210921049738879	CRED.TRANSF.INTERBANCARIAS	MATRIZ	$18,631.15	$240,499.71	$240,499.71	PROCESADORA Y EXPORTADORA D	BANCO INTERNACIONAL - CashManagement	006874958 000001721 20210921 171009 000927	+	Ver Detalle
109	21/09/2021	21/09/2021	NOTA DE CREDITO	210921095931842	CRED.TRANSF.INTERBANCARIAS	MATRIZ	$20,941.99	$221,868.56	$221,868.56	PROCESADORA Y EXPORTADORA D	BANCO INTERNACIONAL - CashManagement	006874958 000001669 20210921 171009 000921	+	Ver Detalle
110	21/09/2021	21/09/2021	NOTA DE CREDITO	210921070052140	CRED.TRANSF.INTERBANCARIAS	MATRIZ	$11,889.48	$200,926.57	$200,926.57	PROCESADORA Y EXPORTADORA D	BANCO INTERNACIONAL - CashManagement	006874958 000002029 20210921 171009 000949	+	Ver Detalle
111	21/09/2021	21/09/2021	CHEQUE	158013	PAGADO                                   - 158013	PIAZZA CEIBOS	$1,448.39	$189,037.09	$189,037.09	C 0929734408    PICHUCHO RODRIGUEZ ARNOLD GUILLERMO			-	Ver Detalle
112	21/09/2021	21/09/2021	CHEQUE	158002	PAGADO                                   - 158002	P. EMPRESARIAL COLON	$226.35	$190,485.48	$190,485.48	C 0927220962    EUGENIO QUINZO BRYAN GABRIEL			-	Ver Detalle
113	21/09/2021	21/09/2021	CHEQUE	158015	PAGADO                                   - 158015	PS.VIA DAULE	$1,500.00	$190,711.83	$190,711.83	C 0605830280    CHIMBOLEMA TENEGUSNAY CRISTIAN BLADIMIR			-	Ver Detalle
114	21/09/2021	21/09/2021	NOTA DE CREDITO	210921057038575	CRED.TRANSF.INTERBANCARIAS	MATRIZ	$13.78	$192,211.83	$192,211.83	CAMPOAZUL S.A.	SALDO PENDIENTE	006872813 000000278 20210921 131527 005550	+	Ver Detalle
115	21/09/2021	21/09/2021	CHEQUE	158017	PAGADO                                   - 158017	PS.VIA DAULE	$1,500.00	$192,198.05	$192,198.05	C 0915760359    OJEDA RAMIREZ JUAN MANUEL			-	Ver Detalle
116	21/09/2021	21/09/2021	NOTA DE DEBITO	921523856100	RECAUD.DEP TEMPORAL NAPORTEC S A    T	MATRIZ	$432.96	$193,698.05	$193,698.05	6960002007000255206	NAPORTEC S A	437171	-	Ver Detalle
117	21/09/2021	21/09/2021	NOTA DE CREDITO	1569077	TRANSF RECIBIDAS DEL EXTERIOR	MATRIZ	$901.00	$194,131.01	$194,131.01	AGROLAGO DE OCCIDENTE, CA  AV 8 C CALL	CITIBANK	REFERENCIA: 11054276 REF.SWIFT: F011264037B001	+	Ver Detalle
118	20/09/2021	20/09/2021	NOTA DE CREDITO	210920085596458	CRED.TRANSF.INTERBANCARIAS	MATRIZ	$238.56	$193,230.01	$193,230.01	TESIA LABORATOR	PAGO 50% GRAFIMPAC	006870779 000001537 20210920 171358 006353	+	Ver Detalle
119	20/09/2021	20/09/2021	CHEQUE	158014	PAGADO                                   - 158014	PS.VIA DAULE	$99.88	$192,991.45	$192,991.45	C 0916198930    ORDONEZ RADA DAVID ALBERTO			-	Ver Detalle
120	20/09/2021	20/09/2021	NOTA DE CREDITO	210920055233782	CRED.TRANSF.INTERBANCARIAS	MATRIZ	$6,484.79	$193,091.33	$193,091.33	EMPACADORA BILBO S.A. BILBO	BANCO INTERNACIONAL - CashManagement	006868571 000000252 20210920 130739 001407	+	Ver Detalle
121	20/09/2021	20/09/2021	CHEQUE	158009	PAGADO                                   - 158009	MALL/SOL	$3,200.00	$186,606.54	$186,606.54	C 0915760359    OJEDA RAMIREZ JUA			-	Ver Detalle
122	20/09/2021	20/09/2021	NOTA DE DEBITO	920843605775	RECAUD.DEP TEMPORAL CONTECON GYE SA T	MATRIZ	$203.35	$189,806.54	$189,806.54				-	Ver Detalle
123	20/09/2021	20/09/2021	NOTA DE DEBITO	920991016389	CP:0000070032438	MATRIZ	$1,125.30	$190,009.89	$190,009.89	70032438		20092021	-	Ver Detalle
124	20/09/2021	20/09/2021	NOTA DE DEBITO	920211013292	ARANCELES ADUANEROS	MATRIZ	$2,682.78	$191,135.19	$191,135.19	42048327	SENAE	142433	-	Ver Detalle
125	20/09/2021	20/09/2021	NOTA DE DEBITO	920009309052	RECAUD.DEP TEMPORAL CONTECON GYE SA T	MATRIZ	$2,396.43	$193,817.97	$193,817.97				-	Ver Detalle
126	20/09/2021	20/09/2021	NOTA DE CREDITO	210920077816338	CRED.TRANSF.INTERBANCARIAS	MATRIZ	$5,914.65	$196,214.40	$196,214.40	EXPORTADORA TOT	GRAFICAS IMPACTO GRAFIMPAC S.A. - CANCELACION FACT # 75420-7	006867392 000016158 20210920 090631 015876	+	Ver Detalle
127	20/09/2021	20/09/2021	NOTA DE CREDITO	210920053086875	CRED.TRANSF.INTERBANCARIAS	MATRIZ	$12,052.82	$190,299.75	$190,299.75	SONGA C.A.	GRAFICAS IMPACTO GRAFIMPAC S.A. #FACT.: 000075396 #DIARIO.:	006867392 000016057 20210920 090631 015862	+	Ver Detalle
128	20/09/2021	20/09/2021	NOTA DE CREDITO	210920024299337	CRED.TRANSF.INTERBANCARIAS	MATRIZ	$44.21	$178,246.93	$178,246.93	SONGA C.A.	GRAFICAS IMPACTO GRAFIMPAC S.A. #FACT.: 000075460 #DIARIO.:	006867392 000015943 20210920 090631 015839	+	Ver Detalle
129	20/09/2021	20/09/2021	NOTA DE CREDITO	210920051293014	CRED.TRANSF.INTERBANCARIAS	MATRIZ	$1,676.64	$178,202.72	$178,202.72	TONI	1500101416	006867392 000007586 20210920 090631 014741	+	Ver Detalle
130	20/09/2021	20/09/2021	NOTA DE CREDITO	210920053443952	CRED.TRANSF.INTERBANCARIAS	MATRIZ	$10,265.85	$176,526.08	$176,526.08	MARISCOS DEL ECUADOR MARECU	MARISCOS DEL ECUADOR MARECUADOR CIA LTDA-PAGO PROVEEDORES	006867437 000000749 20210920 090631 001709	+	Ver Detalle
131	18/09/2021	20/09/2021	CHEQUE	158012	PAGADO                                   - 158012	PS.VIA DAULE	$585.91	$166,260.23	$166,260.23	C 0915553143    SORIA ALARCON MIGUEL AGUSTIN			-	Ver Detalle
132	18/09/2021	20/09/2021	CHEQUE	158011	PAGADO                                   - 158011	CITY MALL	$465.00	$166,846.14	$166,846.14	C 0940830631    CATAGUA CATAGUA VICTOR FELIPE			-	Ver Detalle
133	18/09/2021	20/09/2021	CHEQUE	158007	PAGADO                                   - 158007	PIAZZA SAMBORONDON	$283.26	$167,311.14	$167,311.14	C 0917265423    ORBEA ARELLANO JOSE XAVIER			-	Ver Detalle
134	17/09/2021	20/09/2021	CHEQUE	158006	CAMARA                                   - 158006	MATRIZ	$149.07	$167,594.40	$167,594.40				-	Ver Detalle
135	17/09/2021	17/09/2021	NOTA DE CREDITO	210917097442292	CRED.TRANSF.INTERBANCARIAS	MATRIZ	$2,944.35	$67,743.47	$167,743.47	LABORATORIOS H.	GRAFIMPAC S A REF FACT 75310	006866959 000003348 20210917 171550 059784	+	Ver Detalle
136	17/09/2021	17/09/2021	NOTA DE DEBITO	210917003421551	COMIS.SCI SECTOR PRIVADO	MATRIZ	$0.20	$64,799.12	$164,799.12	EQUIFAX EC	BANCO PICHINCHA	006864546 000000892 20210917 122018 000243	-	Ver Detalle
137	17/09/2021	17/09/2021	NOTA DE DEBITO	210917003421551	IMP 12% IVA SERVICIOS	MATRIZ	$0.02	$64,799.32	$164,799.32	EQUIFAX EC	BANCO PICHINCHA	006864546 000000892 20210917 122018 000243	-	Ver Detalle
138	17/09/2021	17/09/2021	NOTA DE CREDITO	86884	PAGO DIRECTO PICHINCHA	MATRIZ	$416.93	$64,799.34	$164,799.34	0000961294733 BOLAND   THOMAS PATRICK	PICHINCHA		+	Ver Detalle
139	17/09/2021	17/09/2021	NOTA DE DEBITO	210917049842567	DEB.SCI SECTOR PRIVADO	MATRIZ	$71.68	$64,382.41	$164,382.41	EQUIFAX EC	BANCO PICHINCHA	006864546 000000892 20210917 122018 000243	-	Ver Detalle
140	17/09/2021	17/09/2021	CHEQUE	158010	PAGADO                                   - 158010	PS.VIA DAULE	$85.32	$64,454.09	$164,454.09	C 0916198930    ORDONEZ RADA DAVID ALBERTO			-	Ver Detalle
141	17/09/2021	17/09/2021	NOTA DE DEBITO	917370979145	RECAUD.DEP TEMPORAL INARPI SA       T	MATRIZ	$402.19	$64,539.41	$164,539.41	7400001051000342217	INARPI S A	142463	-	Ver Detalle
142	17/09/2021	17/09/2021	NOTA DE DEBITO	917425111123	CP:0000069809902	MATRIZ	$1,916.15	$64,941.60	$164,941.60	69809902		17092021	-	Ver Detalle
143	17/09/2021	17/09/2021	NOTA DE DEBITO	917755212336	CP:0000069792233	MATRIZ	$30,462.13	$66,857.75	$166,857.75	69792233		17092021	-	Ver Detalle
144	17/09/2021	17/09/2021	NOTA DE CREDITO	3500032631	PAGO A TERCEROS	MATRIZ	$6,631.87	$97,319.88	$197,319.88	NEGOCIOS INDUSTRIALES REAL N I R S A S A		45677	+	Ver Detalle
145	17/09/2021	17/09/2021	DEPOSITO	866532	LOCALES	ALBORADA	$100,000.00	$90,688.01	$190,688.01	REF: ATM:1955   007174			+	Ver Detalle
146	17/09/2021	17/09/2021	CHEQUE	158000	PAGADO                                   - 158000	BIG OUTLET VIA DAULE	$200.00	$90,688.01	$90,688.01	C 0922103486    VARGAS ANA DANIEL HUMBERTO			-	Ver Detalle
147	17/09/2021	17/09/2021	NOTA DE CREDITO	917993293763	PAGO A TERCEROS	MATRIZ	$817.87	$90,888.01	$90,888.01	1500039381	INDUSTRIAS ALIMENTICIAS ECUATORIANAS SA		+	Ver Detalle
148	17/09/2021	17/09/2021	CHEQUE	158008	PAGADO                                   - 158008	CC MALL DEL RIO	$122.22	$90,070.14	$90,070.14	C 0916198930    ORDONEZ RADA DAVID ALBERTO			-	Ver Detalle
149	17/09/2021	17/09/2021	NOTA DE CREDITO	210917021939787	CRED.TRANSF.INTERBANCARIAS	MATRIZ	$1,631.28	$90,192.36	$90,192.36	GALO G. ORBEA O. CIA. LTDA.	GALO G. ORBEA O. CIA. LTDA.-PAGO A TERCEROS	006863486 000002164 20210917 091617 000231	+	Ver Detalle
150	17/09/2021	17/09/2021	CHEQUE	157992	PAGADO                                   - 157992	P.CALIFOR	$1,500.00	$88,561.08	$88,561.08	C 0915760359    OJEDA RAMIREZ JUAN MANUEL			-	Ver Detalle
151	17/09/2021	17/09/2021	DEPOSITO	45305	EFECTIVO	P.CALIFOR	$11.40	$90,061.08	$90,061.08	C 0915760359    OJEDA RAMIREZ JUAN MANUEL			+	Ver Detalle
152	17/09/2021	17/09/2021	DEPOSITO	476954	EFECTIVO	P.CALIFOR	$28.20	$90,049.68	$90,049.68	C 0915760359    OJEDA RAMIREZ JUAN MANUEL			+	Ver Detalle
153	17/09/2021	17/09/2021	DEPOSITO	507131	EFECTIVO	P.CALIFOR	$10.20	$90,021.48	$90,021.48	C 0915760359    OJEDA RAMIREZ JUAN MANUEL			+	Ver Detalle
154	17/09/2021	17/09/2021	DEPOSITO	988907	EFECTIVO	P.CALIFOR	$13.20	$90,011.28	$90,011.28	C 0915760359    OJEDA RAMIREZ JUAN MANUEL			+	Ver Detalle
155	17/09/2021	17/09/2021	DEPOSITO	874001	EFECTIVO	P.CALIFOR	$49.65	$89,998.08	$89,998.08	C 0915760359    OJEDA RAMIREZ JUAN MANUEL			+	Ver Detalle
156	17/09/2021	17/09/2021	CHEQUE	157996	PAGADO                                   - 157996	P.CALIFOR	$798.25	$89,948.43	$89,948.43	C 0915760359    OJEDA RAMIREZ JUAN MANUEL			-	Ver Detalle
157	17/09/2021	17/09/2021	CHEQUE	157995	PAGADO                                   - 157995	P.CALIFOR	$1,500.00	$90,746.68	$90,746.68	C 0605830280    CHIMBOLEMA TENEGUSNAY CRISTIAN BLADIMIR			-	Ver Detalle
158	17/09/2021	17/09/2021	CHEQUE	157994	PAGADO                                   - 157994	P.CALIFOR	$1,500.00	$92,246.68	$92,246.68	C 0605830280    CHIMBOLEMA TENEGUSNAY CRISTIAN BLADIMIR			-	Ver Detalle
159	16/09/2021	16/09/2021	NOTA DE CREDITO	210916034859871	CRED.TRANSF.INTERBANCARIAS	MATRIZ	$493.22	$93,746.68	$93,746.68	CAMPOAZUL S.A.	PAGO SALDO PENDIENTE CAJAS CON LOGO	006862784 000000278 20210916 170950 009285	+	Ver Detalle
160	16/09/2021	16/09/2021	CHEQUE	158005	PAGADO                                   - 158005	PS.VIA DAULE	$600.00	$93,253.46	$93,253.46	C 0917494833    RAZA CAICEDO JAVIER ARTURO			-	Ver Detalle
161	16/09/2021	16/09/2021	NOTA DE DEBITO	916395486665	ARANCELES ADUANEROS	MATRIZ	$8,310.72	$93,853.46	$93,853.46	42043651	SENAE	142433	-	Ver Detalle
162	16/09/2021	16/09/2021	CHEQUE	158004	PAGADO                                   - 158004	P.CALIFOR	$203.89	$102,164.18	$102,164.18	C 0915760359    OJEDA RAMIREZ JUAN MANUEL			-	Ver Detalle
163	16/09/2021	16/09/2021	CHEQUE	158003	PAGADO                                   - 158003	PS.VIA DAULE	$181.08	$102,368.07	$102,368.07	C 0929860823    JIMENEZ BAZURTO JOSELINE ANABEL			-	Ver Detalle
164	16/09/2021	16/09/2021	NOTA DE DEBITO	916139243109	CP:0000069630353	MATRIZ	$425.00	$102,549.15	$102,549.15	69630353		15092021	-	Ver Detalle
165	16/09/2021	16/09/2021	NOTA DE DEBITO	916847760695	CP:0000069630678	MATRIZ	$42.74	$102,974.15	$102,974.15	69630678		15092021	-	Ver Detalle
166	16/09/2021	16/09/2021	CHEQUE	157998	PAGADO                                   - 157998	P.CALIFOR	$11,355.00	$103,016.89	$103,016.89	C 0912984499    AVELINO BERNABE C			-	Ver Detalle
167	16/09/2021	16/09/2021	NOTA DE DEBITO	916854617851	CP:0000069626459	MATRIZ	$500,000.00	$114,371.89	$114,371.89	69626459		15092021	-	Ver Detalle
168	16/09/2021	16/09/2021	NOTA DE DEBITO	916721369657	CP:0000069607773	MATRIZ	$4,000.00	$614,371.89	$614,371.89	69607773		15092021	-	Ver Detalle
169	16/09/2021	16/09/2021	NOTA DE DEBITO	916712310229	CP:0000069607112	MATRIZ	$512.88	$618,371.89	$618,371.89	69607112		19052021	-	Ver Detalle
170	15/09/2021	16/09/2021	CHEQUE	157988	CAMARA                                   - 157988	MATRIZ	$245.29	$618,884.77	$618,884.77				-	Ver Detalle
171	15/09/2021	15/09/2021	NOTA DE CREDITO	210915040193829	CRED.TRANSF.INTERBANCARIAS	MATRIZ	$1,122.49	$619,130.06	$619,130.06	MARAMAR S A	PRODUBANCO - CashManagement	006858530 000003875 20210915 170521 002008	+	Ver Detalle
172	15/09/2021	15/09/2021	NOTA DE CREDITO	210915065963487	CRED.TRANSF.INTERBANCARIAS	MATRIZ	$42,480.22	$618,007.57	$618,007.57	INDUSTRIAL PESQUERA SANTA P	INDUSTRIAL PESQUERA SANTA PRISCILA SA-PAGO A TERCEROS	006858220 000002300 20210915 170521 001020	+	Ver Detalle
173	15/09/2021	15/09/2021	CHEQUE	158001	PAGADO                                   - 158001	PS.VIA DAULE	$188.32	$575,527.35	$575,527.35	C 0923083588    ADUM BENITES JOSE ALFREDO			-	Ver Detalle
174	15/09/2021	15/09/2021	NOTA DE CREDITO	210915065438227	CRED.TRANSF.INTERBANCARIAS	MATRIZ	$26,075.55	$575,715.67	$575,715.67	EXPOTUNA S.A	GRAFIMPAC S A	006855860 000001154 20210915 132303 013379	+	Ver Detalle
175	15/09/2021	15/09/2021	NOTA DE DEBITO	915180419304	DEBITO ROL ELECTRONICO	MATRIZ	$4,832.08	$549,640.12	$549,640.12	69555140		15092021	-	Ver Detalle
176	15/09/2021	15/09/2021	NOTA DE DEBITO	915565221123	SUELDO GRAFIMPAC S.A.	MATRIZ	$18,003.01	$554,472.20	$554,472.20	69554988		15092021	-	Ver Detalle
177	15/09/2021	15/09/2021	NOTA DE DEBITO	915433338352	SUELDO GRAFIMPAC S.A.	MATRIZ	$20,675.61	$572,475.21	$572,475.21	69554859		15092021	-	Ver Detalle
178	15/09/2021	15/09/2021	CHEQUE	157993	PAGADO                                   - 157993	ALBORADA	$1,500.00	$593,150.82	$593,150.82	C 0915760359    OJEDA RAMIREZ JUAN MANUEL			-	Ver Detalle
179	14/09/2021	14/09/2021	CHEQUE	157989	TRANSFERIDO                              - 157989	MATRIZ	$51.72	$594,650.82	$594,650.82				-	Ver Detalle
180	14/09/2021	14/09/2021	CHEQUE	157939	PAGADO                                   - 157939	PS.DURAN	$62.83	$594,702.54	$594,702.54	C 0941237000    ZAVALA MALDONADO KARLA LALLEZKA			-	Ver Detalle
181	14/09/2021	14/09/2021	CHEQUE	157980	TRANSFERIDO                              - 157980	MATRIZ	$180.00	$594,765.37	$594,765.37				-	Ver Detalle
182	14/09/2021	14/09/2021	DEPOSITO	825143	EFECTIVO	P.CALIFOR	$20.00	$594,945.37	$594,945.37	C 0915760359    OJEDA RAMIREZ JUAN MANUEL			+	Ver Detalle
183	14/09/2021	14/09/2021	CHEQUE	157959	PAGADO                                   - 157959	P.CALIFOR	$2,000.00	$594,925.37	$594,925.37	C 0915760359    OJEDA RAMIREZ JUA			-	Ver Detalle
184	14/09/2021	14/09/2021	CHEQUE	157997	PAGADO                                   - 157997	P.CALIFOR	$1,710.43	$596,925.37	$596,925.37	C 0915760359    OJEDA RAMIREZ JUA			-	Ver Detalle
185	14/09/2021	14/09/2021	NOTA DE DEBITO	914673637786	CP:0000069362303	MATRIZ	$902.42	$598,635.80	$598,635.80	69362303		13092021	-	Ver Detalle
186	14/09/2021	14/09/2021	NOTA DE DEBITO	156495	PAGOS AMEX (AMERICAN EXPRESS)	MATRIZ	$8,336.86	$599,538.22	$599,538.22				-	
187	13/09/2021	13/09/2021	NOTA DE CREDITO	210913050041224	CRED.TRANSF.INTERBANCARIAS	MATRIZ	$375.00	$604,354.93	$607,875.08	LISETH CAROLINA	anticipo por compra de cajas	006849610 000002168 20210913 171132 010202	+	Ver Detalle
188	13/09/2021	13/09/2021	NOTA DE CREDITO	210913084889049	CRED.TRANSF.INTERBANCARIAS	MATRIZ	$1,378.25	$603,979.93	$607,500.08	SALICA DEL ECUADOR S.A.	BANCO INTERNACIONAL - CashManagement	006849493 000000184 20210913 171132 000671	+	Ver Detalle
189	13/09/2021	13/09/2021	NOTA DE CREDITO	210913099271697	CRED.TRANSF.INTERBANCARIAS	MATRIZ	$500.00	$602,601.68	$606,121.83	SINMEDIC SXAX	BANCO INTERNACIONAL - CashManagement	006849493 000001408 20210913 171132 000796	+	Ver Detalle
190	13/09/2021	13/09/2021	CHEQUE	157991	PAGADO                                   - 157991	CITY MALL	$500.00	$602,101.68	$605,621.83	C 1803666377    FIALLOS NUNEZ JOAQUIN ERNESTO			-	Ver Detalle
191	13/09/2021	13/09/2021	NOTA DE CREDITO	913467901293	PAGO A TERCEROS	MATRIZ	$69,516.97	$602,601.68	$606,121.83	EXPALSA EXPORTADORA DE ALIMENTOS S A			+	Ver Detalle
192	13/09/2021	13/09/2021	NOTA DE CREDITO	913545310909	PAGO A TERCEROS	MATRIZ	$87,522.16	$533,084.71	$536,604.86	EXPALSA EXPORTADORA DE ALIMENTOS S A			+	Ver Detalle
193	13/09/2021	13/09/2021	NOTA DE DEBITO	913262701241	CP:0000069355196	MATRIZ	$2,438.51	$445,562.55	$449,082.70	69355196		13092021	-	Ver Detalle
194	13/09/2021	13/09/2021	NOTA DE CREDITO	210913040035871	CRED.TRANSF.INTERBANCARIAS	MATRIZ	$1,453.43	$448,001.06	$451,521.21	SWEET AND COFFE	TRANSFERENCIA A PROVEEDOR  123	006847235 000002946 20210913 131225 010456	+	Ver Detalle
195	13/09/2021	13/09/2021	NOTA DE DEBITO	913576895883	RECAUD.DEP TEMPORAL CONTECON GYE SA T	MATRIZ	$653.76	$446,547.63	$450,067.78				-	Ver Detalle
196	13/09/2021	13/09/2021	NOTA DE DEBITO	913681131520	RECAUD.APORTE IESS X VENT.	MATRIZ	$76.97	$447,201.39	$450,721.54	21449960	I E S S	4969	-	Ver Detalle
197	13/09/2021	13/09/2021	NOTA DE DEBITO	913021269199	CP:0000069331715	MATRIZ	$101.51	$447,278.36	$450,798.51	69331715		13092021	-	Ver Detalle
198	13/09/2021	13/09/2021	NOTA DE DEBITO	913611355112	CP:0000069331480	MATRIZ	$47.39	$447,379.87	$450,900.02	69331480		13092021	-	Ver Detalle
199	13/09/2021	13/09/2021	NOTA DE DEBITO	913770331410	CP:0000069148164	MATRIZ	$309.28	$447,427.26	$450,947.41	69148164		10092021	-	Ver Detalle
200	13/09/2021	13/09/2021	NOTA DE DEBITO	913290408099	CP:0000069330922	MATRIZ	$427.40	$447,736.54	$451,256.69	69330922		13092021	-	Ver Detalle
201	13/09/2021	13/09/2021	NOTA DE DEBITO	913676014581	CP:0000069138480	MATRIZ	$2,745.68	$448,163.94	$451,684.09	69138480		10092021	-	Ver Detalle
202	13/09/2021	13/09/2021	DEPOSITO	477361	LOCALES	EL PORTAL SHOPPING	$3,520.15	$450,909.62	$454,429.77	C 1314652866    ALCIVAR MOREIRA CARLOS ALBERTO			+	Ver Detalle
203	13/09/2021	13/09/2021	NOTA DE DEBITO	913153229218	RECAUD.APORTE IESS X VENT.	MATRIZ	$384.97	$450,909.62	$450,909.62	5611274	I E S S	4969	-	Ver Detalle
204	13/09/2021	13/09/2021	NOTA DE DEBITO	913085397948	RECAUD.APORTE IESS X VENT.	MATRIZ	$3,630.29	$451,294.59	$451,294.59	21449955	I E S S	4969	-	Ver Detalle
205	13/09/2021	13/09/2021	NOTA DE DEBITO	913822565815	RECAUD.APORTE IESS X VENT.	MATRIZ	$27,087.30	$454,924.88	$454,924.88	147048718	I E S S	4969	-	Ver Detalle
206	13/09/2021	13/09/2021	NOTA DE DEBITO	913310978494	RECAUD.APORTE IESS X VENT.	MATRIZ	$82.40	$482,012.18	$482,012.18	146561033	I E S S	4969	-	Ver Detalle
207	13/09/2021	13/09/2021	NOTA DE CREDITO	913073859802	RECAUD.APORTE IESS X VENT.	MATRIZ	$76.97	$482,094.58	$482,094.58	REVERSO -  21449960	I E S S	4969	+	Ver Detalle
208	13/09/2021	13/09/2021	NOTA DE DEBITO	913617377207	RECAUD.APORTE IESS X VENT.	MATRIZ	$76.97	$482,017.61	$482,017.61	21449960	I E S S	4969	-	Ver Detalle
209	13/09/2021	13/09/2021	NOTA DE DEBITO	913635953112	RECAUD.APORTE IESS X VENT.	MATRIZ	$7,945.92	$482,094.58	$482,094.58	35382087	I E S S	4969	-	Ver Detalle
210	13/09/2021	13/09/2021	NOTA DE DEBITO	913529028829	RECAUD.APORTE IESS X VENT.	MATRIZ	$3,510.95	$490,040.50	$490,040.50	12092459	I E S S	4969	-	Ver Detalle
211	13/09/2021	13/09/2021	NOTA DE DEBITO	913165092806	RECAUD.APORTE IESS X VENT.	MATRIZ	$44.06	$493,551.45	$493,551.45	147048721	I E S S	4969	-	Ver Detalle
212	13/09/2021	13/09/2021	CHEQUE	157986	PAGADO                                   - 157986	ALBORADA	$1,013.96	$493,595.51	$493,595.51	C 0915760359    OJEDA RAMIREZ JUA			-	Ver Detalle
213	13/09/2021	13/09/2021	CHEQUE	157985	PAGADO                                   - 157985	CITY MALL	$300.00	$494,609.47	$494,609.47	C 0940830631    CATAGUA CATAGUA VICTOR FELIPE			-	Ver Detalle
214	13/09/2021	13/09/2021	CHEQUE	157983	PAGADO                                   - 157983	P.CALIFOR	$1,291.77	$494,909.47	$494,909.47	C 0915760359    OJEDA RAMIREZ JUA			-	Ver Detalle
215	13/09/2021	13/09/2021	DEPOSITO	866930	EFECTIVO	P.CALIFOR	$20.00	$496,201.24	$496,201.24	C 0915760359    OJEDA RAMIREZ JUAN MANUEL			+	Ver Detalle
216	13/09/2021	13/09/2021	NOTA DE CREDITO	210913047921826	CRED.TRANSF.INTERBANCARIAS	MATRIZ	$1,444.57	$496,181.24	$496,181.24	NATLUK S.A.	PAGOS ADMINISTRATIVOS	006845821 000007233 20210913 092117 013066	+	Ver Detalle
217	13/09/2021	13/09/2021	NOTA DE CREDITO	210913072133050	CRED.TRANSF.INTERBANCARIAS	MATRIZ	$4,879.29	$494,736.67	$494,736.67	EXPORTADORA TOT	GRAFICAS IMPACTO GRAFIMPAC S.A. - CANCELACION FACT # 75326-7	006845821 000015172 20210913 092117 014091	+	Ver Detalle
218	13/09/2021	13/09/2021	NOTA DE CREDITO	210913094795282	CRED.TRANSF.INTERBANCARIAS	MATRIZ	$6,003.07	$489,857.38	$489,857.38	SONGA C.A.	GRAFICAS IMPACTO GRAFIMPAC S.A. #FACT.: 000075313 #DIARIO.:	006845821 000015056 20210913 092117 014071	+	Ver Detalle
219	13/09/2021	13/09/2021	NOTA DE CREDITO	210913037851419	CRED.TRANSF.INTERBANCARIAS	MATRIZ	$103.71	$483,854.31	$483,854.31	SONGA C.A.	GRAFICAS IMPACTO GRAFIMPAC S.A. #FACT.: 000075312 #DIARIO.:	006845821 000015032 20210913 092117 014061	+	Ver Detalle
220	13/09/2021	13/09/2021	NOTA DE CREDITO	210913009844296	CRED.TRANSF.INTERBANCARIAS	MATRIZ	$3,616.87	$483,750.60	$483,750.60	DONUT HOUSE	GRAFIMPAC: COMPRA CAJAS PARA DONA FAC 643	006845821 000014346 20210913 092117 013909	+	Ver Detalle
221	13/09/2021	13/09/2021	NOTA DE CREDITO	210913071351845	CRED.TRANSF.INTERBANCARIAS	MATRIZ	$1,174.10	$480,133.73	$480,133.73	EUROFISH S.A.	BANCO INTERNACIONAL - CashManagement	006845838 000000963 20210913 092117 005141	+	Ver Detalle
222	13/09/2021	13/09/2021	NOTA DE CREDITO	210913017523242	CRED.TRANSF.INTERBANCARIAS	MATRIZ	$5,390.13	$478,959.63	$478,959.63	EMPACADORA BILBO S.A. BILBO	BANCO INTERNACIONAL - CashManagement	006845838 000000269 20210913 092117 005049	+	Ver Detalle
223	13/09/2021	13/09/2021	NOTA DE CREDITO	1560046	TRANSF RECIBIDAS DEL EXTERIOR	MATRIZ	$37,903.00	$473,569.50	$473,569.50	AGROLAGO DE OCCIDENTE, CA  AV 8 C CALL	CITIBANK	REFERENCIA: 5407593798 REF.SWIFT: F0112560315301	+	Ver Detalle
224	13/09/2021	13/09/2021	NOTA DE CREDITO	1559947	TRANSF RECIBIDAS DEL EXTERIOR	MATRIZ	$64,921.22	$435,666.50	$435,666.50	MARINASOL S.A.  DOC.ID. 20513632569  A	WACHOVIA BANK	REFERENCIA: 1681433716 REF.SWIFT: F50910550006000	+	Ver Detalle
225	11/09/2021	13/09/2021	NOTA DE CREDITO	911202648734	TRANSF.INTRABANCARIAS	MATRIZ	$9.56	$370,745.28	$370,745.28	MORAN GONZALEZ EDGAR JAMIL	BANCO DE GUAYAQUIL	DIFERENCIA COMBUSTIBLE AGOSTO	+	Ver Detalle
226	11/09/2021	13/09/2021	CHEQUE	157936	PAGADO                                   - 157936	RIOCENTRO ENTRE RIOS	$145.00	$370,735.72	$370,735.72	C 0924853732    CEDENO MORENO JEFFERSON ANDRES			-	Ver Detalle
227	10/09/2021	10/09/2021	NOTA DE CREDITO	210910008787202	CRED.TRANSF.INTERBANCARIAS	MATRIZ	$8,268.32	$366,238.02	$370,880.72	CARVAGU SA	PRODUBANCO - CashManagement	006845514 000000419 20210910 171231 001549	+	Ver Detalle
228	10/09/2021	10/09/2021	CHEQUE	157982	TRANSFERIDO                              - 157982	MATRIZ	$1,669.28	$357,969.70	$362,612.40				-	Ver Detalle
229	10/09/2021	10/09/2021	CHEQUE	157987	PAGADO                                   - 157987	PS.VIA DAULE	$91.71	$359,638.98	$364,281.68	C 0916198930    ORDONEZ RADA DAVID ALBERTO			-	Ver Detalle
230	10/09/2021	10/09/2021	NOTA DE DEBITO	210910042439552	COMIS.SCI SECTOR PUBLICO	MATRIZ	$0.20	$359,730.69	$364,373.39	SRI	BANCO CENTRAL	006842432 000008120 20210910 121936 035304	-	Ver Detalle
231	10/09/2021	10/09/2021	NOTA DE DEBITO	210910042439552	IMP 12% IVA SERVICIOS	MATRIZ	$0.02	$359,730.89	$364,373.59	SRI	BANCO CENTRAL	006842432 000008120 20210910 121936 035304	-	Ver Detalle
232	10/09/2021	10/09/2021	NOTA DE DEBITO	210910040703447	COMIS.SCI SECTOR PUBLICO	MATRIZ	$0.20	$359,730.91	$364,373.61	SRI	BANCO CENTRAL	006842432 000008194 20210910 121936 035310	-	Ver Detalle
233	10/09/2021	10/09/2021	NOTA DE DEBITO	210910040703447	IMP 12% IVA SERVICIOS	MATRIZ	$0.02	$359,731.11	$364,373.81	SRI	BANCO CENTRAL	006842432 000008194 20210910 121936 035310	-	Ver Detalle
234	10/09/2021	10/09/2021	NOTA DE CREDITO	1558170	TRANSF RECIBIDAS DEL EXTERIOR	MATRIZ	$843.40	$359,731.13	$364,373.83	PLASTIPULP LTDA  ID9001819043  CALLE 1	CITIBANK	REFERENCIA: 6248584241 REF.SWIFT: C0012537109801	+	Ver Detalle
235	10/09/2021	10/09/2021	NOTA DE DEBITO	210910037291492	SCI SECTOR PUBLICO	MATRIZ	$11,376.81	$358,887.73	$363,530.43	SRI	BANCO CENTRAL	006842432 000008120 20210910 121936 035304	-	Ver Detalle
236	10/09/2021	10/09/2021	NOTA DE DEBITO	210910028023817	SCI SECTOR PUBLICO	MATRIZ	$8,552.37	$370,264.54	$374,907.24	SRI	BANCO CENTRAL	006842432 000008194 20210910 121936 035310	-	Ver Detalle
237	10/09/2021	10/09/2021	CHEQUE	157981	PAGADO                                   - 157981	CC MALL DEL RIO	$2,000.00	$378,816.91	$383,459.61	C 0914977475    ALVARADO SOTOMAYOR CARMEN SANDRA			-	Ver Detalle
238	10/09/2021	10/09/2021	CHEQUE	157984	PAGADO                                   - 157984	P.CALIFOR	$1,200.00	$380,816.91	$385,459.61	C 0920834025    MORAN SANCAN PEDRO BOLIVAR			-	Ver Detalle
239	10/09/2021	10/09/2021	NOTA DE DEBITO	910264386026	CP:0000069114095	MATRIZ	$14,340.00	$382,016.91	$386,659.61	69114095		10092021	-	Ver Detalle
240	10/09/2021	10/09/2021	NOTA DE CREDITO	910266676990	PAGO A TERCEROS	MATRIZ	$4,337.35	$396,356.91	$400,999.61	GRAFICAS IMPACTO GRAFIMPAC S A			+	Ver Detalle
241	10/09/2021	10/09/2021	NOTA DE DEBITO	910129290684	CP:0000069010410	MATRIZ	$1,336.19	$392,019.56	$396,662.26	69010410		09092021	-	Ver Detalle
242	10/09/2021	10/09/2021	NOTA DE DEBITO	910555234723	CP:0000069113548	MATRIZ	$101,194.38	$393,355.75	$397,998.45	69113548		10092021	-	Ver Detalle
243	10/09/2021	10/09/2021	CHEQUE	157958	PAGADO                                   - 157958	P.CALIFOR	$2,000.00	$494,550.13	$499,192.83	C 0605830280    CHIMBOLEMA TENEGUSNAY CRISTIAN BLADIMIR			-	Ver Detalle
244	10/09/2021	10/09/2021	CHEQUE	157970	PAGADO                                   - 157970	P.CALIFOR	$1,680.00	$496,550.13	$501,192.83	C 0605830280    CHIMBOLEMA TENEGUSNAY CRISTIAN BLADIMIR			-	Ver Detalle
245	10/09/2021	10/09/2021	CHEQUE	157976	PAGADO                                   - 157976	P.CALIFOR	$1,510.00	$498,230.13	$502,872.83	C 0605830280    CHIMBOLEMA TENEGUSNAY CRISTIAN BLADIMIR			-	Ver Detalle
246	10/09/2021	10/09/2021	CHEQUE	157971	PAGADO                                   - 157971	P.CALIFOR	$1,680.00	$499,740.13	$504,382.83	C 0605830280    CHIMBOLEMA TENEGUSNAY CRISTIAN BLADIMIR			-	Ver Detalle
247	10/09/2021	10/09/2021	DEPOSITO	274598	LOCALES	MATRIZ	$1,822.54	$501,420.13	$506,062.83	29044814	010092021082845	Lot:29044814,UT:MARINA ALVARADO-000360	+	Ver Detalle
248	10/09/2021	10/09/2021	DEPOSITO	399890	LOCALES	MATRIZ	$2,820.16	$501,420.13	$504,240.29	29044712	010092021081707	Lot:29044712,UT:MARINA ALVARADO-000360	+	Ver Detalle
249	09/09/2021	10/09/2021	CHEQUE	157979	CAMARA                                   - 157979	MATRIZ	$140.18	$501,420.13	$501,420.13				-	Ver Detalle
250	09/09/2021	09/09/2021	CHEQUE	157968	PAGADO                                   - 157968	ALBORADA	$1,020.53	$477,429.48	$501,560.31	C 0605830280    CHIMBOLEMA TENEGUSNAY CRISTIAN BLADIMIR			-	Ver Detalle
251	09/09/2021	09/09/2021	CHEQUE	157967	PAGADO                                   - 157967	ALBORADA	$1,020.53	$478,450.01	$502,580.84	C 0605830280    CHIMBOLEMA TENEGUSNAY CRISTIAN BLADIMIR			-	Ver Detalle
252	09/09/2021	09/09/2021	CHEQUE	157966	PAGADO                                   - 157966	ALBORADA	$1,020.53	$479,470.54	$503,601.37	C 0605830280    CHIMBOLEMA TENEGUSNAY CRISTIAN BLADIMIR			-	Ver Detalle
253	09/09/2021	09/09/2021	CHEQUE	157965	PAGADO                                   - 157965	ALBORADA	$1,020.53	$480,491.07	$504,621.90	C 0605830280    CHIMBOLEMA TENEGUSNAY CRISTIAN BLADIMIR			-	Ver Detalle
254	09/09/2021	09/09/2021	NOTA DE CREDITO	1556997	TRANSF RECIBIDAS DEL EXTERIOR	MATRIZ	$4,277.55	$481,511.60	$505,642.43	JACMAR ACUICULTURA  EXPORTACION SAC  A	CITIBANK	REFERENCIA: 4048189634 REF.SWIFT: S0612522A95601	+	Ver Detalle
255	09/09/2021	09/09/2021	DEPOSITO	439522	LOCALES	MATRIZ	$14,494.33	$477,234.05	$501,364.88	29030840	009092021082313	Lot:29030840,UT:MARINA ALVARADO-000360	+	Ver Detalle
256	09/09/2021	09/09/2021	DEPOSITO	957966	LOCALES	MATRIZ	$9,636.50	$477,234.05	$486,870.55	29030782	009092021081623	Lot:29030782,UT:MARINA ALVARADO-000360	+	Ver Detalle
257	08/09/2021	08/09/2021	NOTA DE CREDITO	210908081874968	CRED.TRANSF.INTERBANCARIAS	MATRIZ	$39,630.88	$417,281.68	$477,234.05	STA.PRISCILA	PAGO FACT	006837051 000001789 20210908 170607 005063	+	Ver Detalle
258	08/09/2021	08/09/2021	NOTA DE CREDITO	908892843974	PAGO A TERCEROS	MATRIZ	$3,933.69	$377,650.80	$437,603.17	MARAMAR S A			+	Ver Detalle
259	08/09/2021	08/09/2021	CHEQUE	157973	PAGADO                                   - 157973	P.CALIFOR	$1,018.50	$373,717.11	$433,669.48	C 0605830280    CHIMBOLEMA TENEGUSNAY CRISTIAN BLADIMIR			-	Ver Detalle
260	08/09/2021	08/09/2021	CHEQUE	157972	PAGADO                                   - 157972	P.CALIFOR	$1,018.50	$374,735.61	$434,687.98	C 0605830280    CHIMBOLEMA TENEGUSNAY CRISTIAN BLADIMIR			-	Ver Detalle
261	08/09/2021	08/09/2021	CHEQUE	157975	PAGADO                                   - 157975	P.CALIFOR	$1,018.50	$375,754.11	$435,706.48	C 0605830280    CHIMBOLEMA TENEGUSNAY CRISTIAN BLADIMIR			-	Ver Detalle
262	08/09/2021	08/09/2021	CHEQUE	157974	PAGADO                                   - 157974	P.CALIFOR	$1,018.50	$376,772.61	$436,724.98	C 0605830280    CHIMBOLEMA TENEGUSNAY CRISTIAN BLADIMIR			-	Ver Detalle
263	08/09/2021	08/09/2021	CHEQUE	157969	PAGADO                                   - 157969	MULTIPLAZA EL BATAN	$3,780.00	$377,791.11	$437,743.48	C 0920717204    VERDEZOTO ORBEA L			-	Ver Detalle
264	08/09/2021	08/09/2021	NOTA DE CREDITO	210908072277344	CRED.TRANSF.INTERBANCARIAS	MATRIZ	$81,943.50	$381,571.11	$441,523.48	CERVECERIA	Vease aviso de 07.09.2021	006833308 000007224 20210908 091347 005768	+	Ver Detalle
265	08/09/2021	08/09/2021	NOTA DE CREDITO	908469528857	PAGO A TERCEROS	MATRIZ	$2,208.12	$299,627.61	$359,579.98	863528178	CARTULINA VERDE OLIPACK S A	FACT 74646	+	Ver Detalle
266	08/09/2021	08/09/2021	DEPOSITO	475797	LOCALES	MATRIZ	$19,602.86	$297,419.49	$357,371.86	29017064	008092021083812	Lot:29017064,UT:MARINA ALVARADO-000360	+	Ver Detalle
267	08/09/2021	08/09/2021	DEPOSITO	514847	LOCALES	MATRIZ	$40,349.51	$297,419.49	$337,769.00	29016830	008092021081139	Lot:29016830,UT:MARINA ALVARADO-000360	+	Ver Detalle
268	07/09/2021	07/09/2021	NOTA DE DEBITO	907540460760	RECAUD.DEP TEMPORAL INARPI SA       T	MATRIZ	$223.02	$297,419.49	$297,419.49	7400001051000338661	INARPI S A	142463	-	Ver Detalle
269	07/09/2021	07/09/2021	NOTA DE DEBITO	907756824880	RECAUD.DEP TEMPORAL INARPI SA       T	MATRIZ	$1,784.14	$297,642.51	$297,642.51	7400001051000338657	INARPI S A	142463	-	Ver Detalle
270	07/09/2021	07/09/2021	NOTA DE DEBITO	907057067029	RECAUD.DEP TEMPORAL INARPI SA       T	MATRIZ	$180.19	$299,426.65	$299,426.65	7400001051000338522	INARPI S A	142463	-	Ver Detalle
271	07/09/2021	07/09/2021	NOTA DE DEBITO	907842336554	CP:0000068844401	MATRIZ	$441.00	$299,606.84	$299,606.84	68844401		09072021	-	Ver Detalle
272	07/09/2021	07/09/2021	NOTA DE DEBITO	907005708813	CP:0000068844126	MATRIZ	$1,432.62	$300,047.84	$300,047.84	68844126		09072021	-	Ver Detalle
273	07/09/2021	07/09/2021	CHEQUE	157957	PAGADO                                   - 157957	PS.VIA DAULE	$2,000.00	$301,480.46	$301,480.46	C 0605830280    CHIMBOLEMA TENEGUSNAY CRISTIAN BLADIMIR			-	Ver Detalle
274	07/09/2021	07/09/2021	CHEQUE	157977	PAGADO                                   - 157977	A. BORJA	$1,020.53	$303,480.46	$303,480.46	C 0915760359    OJEDA RAMIREZ JUAN MANUEL			-	Ver Detalle
275	07/09/2021	07/09/2021	CHEQUE	157961	CERTIFICADO                              - 157961	P.CALIFOR	$15,627.28	$304,500.99	$304,500.99	SUPERINTENDENCIA DE			-	Ver Detalle
276	07/09/2021	07/09/2021	CHEQUE	157962	PAGADO                                   - 157962	P.CALIFOR	$1,033.78	$320,128.27	$320,128.27	C 0915760359    OJEDA RAMIREZ JUAN MANUEL			-	Ver Detalle
277	07/09/2021	07/09/2021	CHEQUE	157960	PAGADO                                   - 157960	P.CALIFOR	$701.95	$321,162.05	$321,162.05	C 0915760359    OJEDA RAMIREZ JUAN MANUEL			-	Ver Detalle
278	07/09/2021	07/09/2021	CHEQUE	157964	PAGADO                                   - 157964	P.CALIFOR	$1,020.53	$321,864.00	$321,864.00	C 0915760359    OJEDA RAMIREZ JUAN MANUEL			-	Ver Detalle
279	07/09/2021	07/09/2021	NOTA DE DEBITO	907300261104	ARANCELES ADUANEROS	MATRIZ	$2,643.10	$322,884.53	$322,884.53	42017712	SENAE	142433	-	Ver Detalle
280	07/09/2021	07/09/2021	CHEQUE	157956	PAGADO                                   - 157956	ALBORADA	$400.00	$325,527.63	$325,527.63	C 0915760359    OJEDA RAMIREZ JUAN MANUEL			-	Ver Detalle
281	07/09/2021	07/09/2021	NOTA DE DEBITO	907167739609	CP:0000068786294	MATRIZ	$400,000.00	$325,927.63	$325,927.63	68786294		07092021	-	Ver Detalle
282	07/09/2021	07/09/2021	NOTA DE CREDITO	1554689	TRANSF RECIBIDAS DEL EXTERIOR	MATRIZ	$58,368.97	$725,927.63	$725,927.63	MARINASOL S.A.  DOC.ID. 20513632569  A	CITIBANK	REFERENCIA: 3140995128 REF.SWIFT: F0112500266B01	+	Ver Detalle
283	06/09/2021	07/09/2021	CHEQUE	157955	CAMARA                                   - 157955	MATRIZ	$4,198.42	$667,558.66	$667,558.66				-	Ver Detalle
284	06/09/2021	06/09/2021	CHEQUE	157942	TRANSFERIDO                              - 157942	MATRIZ	$59.68	$669,573.08	$671,757.08				-	Ver Detalle
285	06/09/2021	06/09/2021	NOTA DE CREDITO	906773184564	PAGO A TERCEROS	MATRIZ	$7,231.77	$669,632.76	$671,816.76	EXPORTADORA TOTAL SEAFOOD TOTALSEAFOOD S			+	Ver Detalle
286	06/09/2021	06/09/2021	NOTA DE CREDITO	906141645295	PAGO A TERCEROS	MATRIZ	$7,180.12	$662,400.99	$664,584.99	EXPORTADORA TOTAL SEAFOOD TOTALSEAFOOD S			+	Ver Detalle
287	06/09/2021	06/09/2021	NOTA DE CREDITO	906669770757	PAGO A TERCEROS	MATRIZ	$9,943.39	$655,220.87	$657,404.87	EXPORTADORA TOTAL SEAFOOD TOTALSEAFOOD S			+	Ver Detalle
288	06/09/2021	06/09/2021	NOTA DE CREDITO	906861021535	PAGO A TERCEROS	MATRIZ	$11,107.51	$645,277.48	$647,461.48	EXPORTADORA TOTAL SEAFOOD TOTALSEAFOOD S			+	Ver Detalle
289	06/09/2021	06/09/2021	NOTA DE CREDITO	906986966611	PAGO A TERCEROS	MATRIZ	$28,480.25	$634,169.97	$636,353.97	EXPORTADORA TOTAL SEAFOOD TOTALSEAFOOD S			+	Ver Detalle
290	06/09/2021	06/09/2021	NOTA DE CREDITO	906605819033	PAGO A TERCEROS	MATRIZ	$15,213.78	$605,689.72	$607,873.72	EXPORTADORA TOTAL SEAFOOD TOTALSEAFOOD S			+	Ver Detalle
291	06/09/2021	06/09/2021	NOTA DE CREDITO	906319744310	PAGO A TERCEROS	MATRIZ	$13,101.86	$590,475.94	$592,659.94	EXPORTADORA TOTAL SEAFOOD TOTALSEAFOOD S			+	Ver Detalle
292	06/09/2021	06/09/2021	NOTA DE CREDITO	906101662146	PAGO A TERCEROS	MATRIZ	$20,967.73	$577,374.08	$579,558.08	EXPORTADORA TOTAL SEAFOOD TOTALSEAFOOD S			+	Ver Detalle
293	06/09/2021	06/09/2021	NOTA DE CREDITO	906449008172	PAGO A TERCEROS	MATRIZ	$8,813.02	$556,406.35	$558,590.35	EXPORTADORA TOTAL SEAFOOD TOTALSEAFOOD S			+	Ver Detalle
294	06/09/2021	06/09/2021	NOTA DE CREDITO	906990186692	PAGO A TERCEROS	MATRIZ	$3,728.59	$547,593.33	$549,777.33	EXPORTADORA TOTAL SEAFOOD TOTALSEAFOOD S			+	Ver Detalle
295	06/09/2021	06/09/2021	NOTA DE CREDITO	906499400794	PAGO A TERCEROS	MATRIZ	$5,694.57	$543,864.74	$546,048.74	EXPORTADORA TOTAL SEAFOOD TOTALSEAFOOD S			+	Ver Detalle
296	06/09/2021	06/09/2021	NOTA DE CREDITO	906293507660	PAGO A TERCEROS	MATRIZ	$16,149.21	$538,170.17	$540,354.17	EXPORTADORA TOTAL SEAFOOD TOTALSEAFOOD S			+	Ver Detalle
297	06/09/2021	06/09/2021	NOTA DE CREDITO	906948030239	PAGO A TERCEROS	MATRIZ	$22,076.77	$522,020.96	$524,204.96	EXPORTADORA TOTAL SEAFOOD TOTALSEAFOOD S			+	Ver Detalle
298	06/09/2021	06/09/2021	NOTA DE CREDITO	906097200739	PAGO A TERCEROS	MATRIZ	$2,426.38	$499,944.19	$502,128.19	EXPORTADORA TOTAL SEAFOOD TOTALSEAFOOD S			+	Ver Detalle
299	06/09/2021	06/09/2021	NOTA DE CREDITO	906912228833	PAGO A TERCEROS	MATRIZ	$25,674.05	$497,517.81	$499,701.81	EXPORTADORA TOTAL SEAFOOD TOTALSEAFOOD S			+	Ver Detalle
300	06/09/2021	06/09/2021	NOTA DE CREDITO	906263419716	PAGO A TERCEROS	MATRIZ	$7,756.79	$471,843.76	$474,027.76	EXPORTADORA TOTAL SEAFOOD TOTALSEAFOOD S			+	Ver Detalle
301	06/09/2021	06/09/2021	NOTA DE CREDITO	906112156735	PAGO A TERCEROS	MATRIZ	$44,973.10	$464,086.97	$466,270.97	EXPORTADORA TOTAL SEAFOOD TOTALSEAFOOD S			+	Ver Detalle
302	06/09/2021	06/09/2021	NOTA DE CREDITO	906881699218	PAGO A TERCEROS	MATRIZ	$22,158.42	$419,113.87	$421,297.87	EXPORTADORA TOTAL SEAFOOD TOTALSEAFOOD S			+	Ver Detalle
303	06/09/2021	06/09/2021	NOTA DE CREDITO	906886576904	PAGO A TERCEROS	MATRIZ	$21,617.70	$396,955.45	$399,139.45	EXPORTADORA TOTAL SEAFOOD TOTALSEAFOOD S			+	Ver Detalle
304	06/09/2021	06/09/2021	NOTA DE CREDITO	906569737247	PAGO A TERCEROS	MATRIZ	$18,760.30	$375,337.75	$377,521.75	EXPORTADORA TOTAL SEAFOOD TOTALSEAFOOD S			+	Ver Detalle
305	06/09/2021	06/09/2021	NOTA DE CREDITO	906705146586	PAGO A TERCEROS	MATRIZ	$7,180.11	$356,577.45	$358,761.45	EXPORTADORA TOTAL SEAFOOD TOTALSEAFOOD S			+	Ver Detalle
306	06/09/2021	06/09/2021	NOTA DE DEBITO	906683932103	CUOTA DATAFAST S.A.	MATRIZ	$12.60	$349,397.34	$351,581.34	00000000000003634911	DATAFAST S A	5317	-	Ver Detalle
307	06/09/2021	06/09/2021	NOTA DE DEBITO	906796229386	CUOTA DATAFAST S.A.	MATRIZ	$5.32	$349,409.94	$351,593.94	00000000000003634912	DATAFAST S A	5317	-	Ver Detalle
308	06/09/2021	06/09/2021	NOTA DE CREDITO	210906063120807	CRED.TRANSF.INTERBANCARIAS	MATRIZ	$8,342.74	$349,415.26	$351,599.26	MARISCOS DEL ECUADOR MARECU	MARISCOS DEL ECUADOR MARECUADOR CIA LTDA-PAGO PROVEEDORES	006828056 000009180 20210906 171427 000403	+	Ver Detalle
309	06/09/2021	06/09/2021	NOTA DE DEBITO	906438986725	CP:0000068737282	MATRIZ	$48.89	$341,072.52	$343,256.52	68737282		06092021	-	Ver Detalle
310	06/09/2021	06/09/2021	NOTA DE DEBITO	906480629982	TRANSF RECIBIDAS DEL EXTERIOR	MATRIZ	$45.00	$341,121.41	$343,305.41				-	Ver Detalle
311	06/09/2021	06/09/2021	CHEQUE	157951	PAGADO                                   - 157951	PLAZA DE LA ADMINISTR	$351.94	$341,166.41	$343,350.41	C 0913337846    TERRANOVA BATALLAS VICENTE MITCHEL			-	Ver Detalle
312	06/09/2021	06/09/2021	CHEQUE	157921	PAGADO                                   - 157921	PS.VIA DAULE	$1,500.00	$341,518.35	$343,702.35	C 0605830280    CHIMBOLEMA TENEGUSNAY CRISTIAN BLADIMIR			-	Ver Detalle
313	06/09/2021	06/09/2021	NOTA DE DEBITO	906200252270	DEBITO CLARO	MATRIZ	$575.77	$343,018.35	$345,202.35	1.15832428	CONECEL	3468	-	Ver Detalle
314	06/09/2021	06/09/2021	NOTA DE DEBITO	906833609362	TARIFA RECAUD X DEB.AUTOM.	MATRIZ	$0.27	$343,594.12	$345,778.12	1.15832428	CONECEL	3468	-	Ver Detalle
315	06/09/2021	06/09/2021	NOTA DE DEBITO	906833609362	IMP 12% IVA SERVICIOS	MATRIZ	$0.03	$343,594.39	$345,778.39	1.15832428	CONECEL	3468	-	Ver Detalle
316	06/09/2021	06/09/2021	NOTA DE CREDITO	210906088719172	CRED.TRANSF.INTERBANCARIAS	MATRIZ	$10,226.94	$343,594.42	$345,778.42	SONGA C.A.	GRAFICAS IMPACTO GRAFIMPAC S.A. #FACT.: 000075239 #DIARIO.:	006824954 000018513 20210906 090739 017333	+	Ver Detalle
317	03/09/2021	06/09/2021	CHEQUE	157950	CAMARA                                   - 157950	MATRIZ	$204.61	$333,367.48	$335,551.48				-	Ver Detalle
318	03/09/2021	06/09/2021	DEPOSITO	549052	LOCALES	MULTIPLAZA EL BATAN	$2,184.00	$333,572.09	$335,756.09	REF: ATM:J380   009859			+	Ver Detalle
319	03/09/2021	03/09/2021	CHEQUE	157948	PAGADO                                   - 157948	PS.VIA DAULE	$357.11	$333,572.09	$333,572.09	C 0920426525    PIGUAVE AGUILAR YSRAEL TEODORO			-	Ver Detalle
320	03/09/2021	03/09/2021	NOTA DE CREDITO	210903063947573	CRED.TRANSF.INTERBANCARIAS	MATRIZ	$5,000.00	$333,929.20	$333,929.20	MARISCOS DEL ECUADOR MARECU	MARISCOS DEL ECUADOR MARECUADOR CIA LTDA-PAGO PROVEEDORES	006824336 000002170 20210903 170737 001254	+	Ver Detalle
321	03/09/2021	03/09/2021	CHEQUE	157954	PAGADO                                   - 157954	CITY MALL	$240.00	$328,929.20	$328,929.20	C 0943335257    PEREZ RAMIREZ JOSHUA JACKSON			-	Ver Detalle
322	03/09/2021	03/09/2021	NOTA DE DEBITO	903838507433	CP:0000068486812	MATRIZ	$275.47	$329,169.20	$329,169.20	68486812		001007209534	-	Ver Detalle
323	03/09/2021	03/09/2021	NOTA DE CREDITO	402539	PAGO DIRECTO PICHINCHA	MATRIZ	$3,860.00	$329,444.67	$329,444.67	0000961294733 BOLAND   THOMAS PATRICK	PICHINCHA		+	Ver Detalle
324	03/09/2021	03/09/2021	CHEQUE	157935	PAGADO                                   - 157935	PIAZZA LA JOYA	$53.17	$325,584.67	$325,584.67	C 0915128870    REINOSO ESPINOZA GLADYS VERONICA			-	Ver Detalle
325	03/09/2021	03/09/2021	NOTA DE CREDITO	210903042706652	CRED.TRANSF.INTERBANCARIAS	MATRIZ	$6,799.45	$325,637.84	$325,637.84	OCEANPRODUCT CIA LTDA	OCEANPRODUCT CIA LTDA-PAGO A TERCEROS	006821856 000003670 20210903 130740 000135	+	Ver Detalle
326	03/09/2021	03/09/2021	NOTA DE DEBITO	903668905297	TRANSF.EXT.CASH	MATRIZ	$30,906.27	$318,838.39	$318,838.39	68444708		PAGO  FLETE NAVIERO INVOICE 1803154371	-	Ver Detalle
327	03/09/2021	03/09/2021	NOTA DE DEBITO	903632425113	ISD PAGO A TERCEROS	MATRIZ	$1,485.31	$349,744.66	$349,744.66	68444708		PAGO  FLETE NAVIERO INVOICE 1803154371	-	Ver Detalle
328	03/09/2021	03/09/2021	NOTA DE DEBITO	903462766830	CP:0000068443613	MATRIZ	$6,442.76	$351,229.97	$351,229.97	68443613		03092021	-	Ver Detalle
329	03/09/2021	03/09/2021	NOTA DE DEBITO	903092592347	CP:0000068439648	MATRIZ	$573.02	$357,672.73	$357,672.73	68439648		03092021	-	Ver Detalle
330	03/09/2021	03/09/2021	NOTA DE DEBITO	903172688821	CP:0000068438010	MATRIZ	$37,720.08	$358,245.75	$358,245.75	68438010		03092021	-	Ver Detalle
331	03/09/2021	03/09/2021	NOTA DE DEBITO	903948358541	CP:0000068439083	MATRIZ	$4,085.00	$395,965.83	$395,965.83	68439083		03092021	-	Ver Detalle
332	03/09/2021	03/09/2021	NOTA DE DEBITO	903702178275	CP:0000068347585	MATRIZ	$243.17	$400,050.83	$400,050.83	68347585		02092021	-	Ver Detalle
333	03/09/2021	03/09/2021	CHEQUE	157953	PAGADO                                   - 157953	PUERTO MARITIMO	$1,200.00	$400,294.00	$400,294.00	C 0703253765    CASTILLO CEDILLO JHONY WILSON			-	Ver Detalle
334	03/09/2021	03/09/2021	DEPOSITO	141705	EFECTIVO	MATRIZ	$448.76	$401,494.00	$401,494.00	C 0915760359    OJEDA RAMIREZ JUAN MANUEL			+	Ver Detalle
335	03/09/2021	03/09/2021	NOTA DE DEBITO	903344875890	RECAUD.CNEL UNID.ELECT.GUAYAQUIL   TR	MATRIZ	$11,704.25	$401,045.24	$401,045.24	0400708285	EMPRESA ELECTRICA PUBLICA ESTRATEGICA CO	1140837	-	Ver Detalle
336	03/09/2021	03/09/2021	NOTA DE DEBITO	903922945866	PAGO INTERAGUA TR	MATRIZ	$471.57	$412,749.49	$412,749.49	482884	INTERAGUA	1040182	-	Ver Detalle
337	03/09/2021	03/09/2021	NOTA DE DEBITO	903164986233	RECAUD.TRB GCB              BASURA TR	MATRIZ	$1,543.91	$413,221.06	$413,221.06	10870871	INTERAGUA	1040153	-	Ver Detalle
338	03/09/2021	03/09/2021	NOTA DE CREDITO	1550878	TRANSF RECIBIDAS DEL EXTERIOR	MATRIZ	$45,249.20	$414,764.97	$414,764.97	LA CASA DEL ACUICULTOR C.A.  AV 39 ENT	THE BANK OF NEW YORK	REFERENCIA: 8144440872 REF.SWIFT: F9S2109033627100	+	Ver Detalle
339	02/09/2021	03/09/2021	CHEQUE	157946	CAMARA                                   - 157946	MATRIZ	$93.18	$369,515.77	$369,515.77				-	Ver Detalle
340	02/09/2021	02/09/2021	NOTA DE CREDITO	210902041489889	CRED.TRANSF.INTERBANCARIAS	MATRIZ	$10,270.32	$369,608.95	$369,608.95	DIST. IMP. DIPO	1500054322	006820353 000003314 20210902 171444 006392	+	Ver Detalle
341	02/09/2021	02/09/2021	CHEQUE	157941	PAGADO                                   - 157941	PS.VIA DAULE	$600.00	$359,338.63	$359,338.63	C 0917494833    RAZA CAICEDO JAVIER ARTURO			-	Ver Detalle
342	02/09/2021	02/09/2021	CHEQUE	157938	PAGADO                                   - 157938	POLICENTR	$72.50	$359,938.63	$359,938.63	C 0924176183    MUNIZ MORANTE ALEXIS MAURICIO			-	Ver Detalle
343	02/09/2021	02/09/2021	CHEQUE	157932	PAGADO                                   - 157932	POLICENTR	$184.72	$360,011.13	$360,011.13	C 0924176183    MUNIZ MORANTE ALEXIS MAURICIO			-	Ver Detalle
344	02/09/2021	02/09/2021	DEPOSITO	753957	EFECTIVO	P.CALIFOR	$20.00	$360,195.85	$360,195.85	C 0915760359    OJEDA RAMIREZ JUAN MANUEL			+	Ver Detalle
345	02/09/2021	02/09/2021	CHEQUE	157947	PAGADO                                   - 157947	P.CALIFOR	$100.00	$360,175.85	$360,175.85	C 0915760359    OJEDA RAMIREZ JUAN MANUEL			-	Ver Detalle
346	02/09/2021	02/09/2021	CHEQUE	157949	PAGADO                                   - 157949	P.CALIFOR	$401.44	$360,275.85	$360,275.85	C 0915760359    OJEDA RAMIREZ JUAN MANUEL			-	Ver Detalle
347	02/09/2021	02/09/2021	CHEQUE	157952	PAGADO                                   - 157952	P.CALIFOR	$160.00	$360,677.29	$360,677.29	C 0915760359    OJEDA RAMIREZ JUAN MANUEL			-	Ver Detalle
348	02/09/2021	02/09/2021	CHEQUE	157944	PAGADO                                   - 157944	P.CALIFOR	$1,000.00	$360,837.29	$360,837.29	C 0915760359    OJEDA RAMIREZ JUAN MANUEL			-	Ver Detalle
349	02/09/2021	02/09/2021	NOTA DE CREDITO	210902082515708	CRED.TRANSF.INTERBANCARIAS	MATRIZ	$2,472.52	$361,837.29	$361,837.29	SWEET AND COFFE	TRANSFERENCIA A PROVEEDOR  123	006817938 000004690 20210902 132715 007413	+	Ver Detalle
350	02/09/2021	02/09/2021	CHEQUE	157926	PAGADO                                   - 157926	PS.VIA DAULE	$87.90	$359,364.77	$359,364.77	C 0923083588    ADUM BENITES JOSE ALFREDO			-	Ver Detalle
351	02/09/2021	02/09/2021	CHEQUE	157945	PAGADO                                   - 157945	ALBORADA	$108.68	$359,452.67	$359,452.67	C 0915760359    OJEDA RAMIREZ JUAN MANUEL			-	Ver Detalle
352	02/09/2021	02/09/2021	CHEQUE	157943	PAGADO                                   - 157943	ALBORADA	$1,556.00	$359,561.35	$359,561.35	C 0915760359    OJEDA RAMIREZ JUAN MANUEL			-	Ver Detalle
353	02/09/2021	02/09/2021	CHEQUE	157920	PAGADO                                   - 157920	ALBORADA	$2,464.95	$361,117.35	$361,117.35	C 0915760359    OJEDA RAMIREZ JUAN MANUEL			-	Ver Detalle
354	02/09/2021	02/09/2021	NOTA DE CREDITO	210902067951416	CRED.TRANSF.INTERBANCARIAS	MATRIZ	$13,249.55	$363,582.30	$363,582.30	EXPOTUNA S.A	GRAFIMPAC S A	006816413 000003387 20210902 090837 013091	+	Ver Detalle
355	01/09/2021	01/09/2021	NOTA DE CREDITO	210901056353251	CRED.TRANSF.INTERBANCARIAS	MATRIZ	$20,460.76	$350,332.75	$350,332.75	STA.PRISCILA	PAGO FACT	006815766 000003353 20210901 170648 008369	+	Ver Detalle
356	01/09/2021	01/09/2021	CHEQUE	157933	PAGADO                                   - 157933	BIG OUTLET VIA DAULE	$270.32	$329,871.99	$329,871.99	C 0915760359    OJEDA RAMIREZ JUAN MANUEL			-	Ver Detalle
357	01/09/2021	01/09/2021	CHEQUE	157930	PAGADO                                   - 157930	BIG OUTLET VIA DAULE	$277.74	$330,142.31	$330,142.31	C 0915760359    OJEDA RAMIREZ JUAN MANUEL			-	Ver Detalle
358	01/09/2021	01/09/2021	CHEQUE	157931	PAGADO                                   - 157931	BIG OUTLET VIA DAULE	$277.15	$330,420.05	$330,420.05	C 0915760359    OJEDA RAMIREZ JUAN MANUEL			-	Ver Detalle
359	01/09/2021	01/09/2021	CHEQUE	157934	PAGADO                                   - 157934	BIG OUTLET VIA DAULE	$238.59	$330,697.20	$330,697.20	C 0915760359    OJEDA RAMIREZ JUAN MANUEL			-	Ver Detalle
360	01/09/2021	01/09/2021	NOTA DE DEBITO	901757825522	PAGO INTERAGUA TR	MATRIZ	$5.65	$330,935.79	$330,935.79	448569	INTERAGUA	1040182	-	Ver Detalle
361	01/09/2021	01/09/2021	NOTA DE DEBITO	901693517959	COM.PAGO SERVICIOS	MATRIZ	$0.27	$330,941.44	$330,941.44	448569	INTERAGUA	1040182	-	Ver Detalle
362	01/09/2021	01/09/2021	NOTA DE DEBITO	901693517959	IMP 12% IVA SERVICIOS	MATRIZ	$0.03	$330,941.71	$330,941.71	448569	INTERAGUA	1040182	-	Ver Detalle
363	01/09/2021	01/09/2021	NOTA DE DEBITO	901626012846	CP:0000068139961	MATRIZ	$13,126.04	$330,941.74	$330,941.74	68139961		01092021	-	Ver Detalle
364	01/09/2021	01/09/2021	NOTA DE DEBITO	901162449936	CP:0000068158159	MATRIZ	$2,027.96	$344,067.78	$344,067.78	68158159		01092021	-	Ver Detalle
365	01/09/2021	01/09/2021	CHEQUE	157922	PAGADO                                   - 157922	CITY MALL	$1,500.00	$346,095.74	$346,095.74	C 0605830280    CHIMBOLEMA TENEGU			-	Ver Detalle
366	01/09/2021	01/09/2021	CHEQUE	157919	PAGADO                                   - 157919	ALBORADA	$1,500.00	$347,595.74	$347,595.74	C 0915760359    OJEDA RAMIREZ JUA			-	Ver Detalle
367	01/09/2021	01/09/2021	CHEQUE	157925	PAGADO                                   - 157925	ALBORADA	$274.12	$349,095.74	$349,095.74	C 0915760359    OJEDA RAMIREZ JUAN MANUEL			-	Ver Detalle
368	01/09/2021	01/09/2021	NOTA DE DEBITO	901002565979	RENOVAC.ANUAL TOKEN SEGURIDAD	MATRIZ	$4.56	$349,369.86	$349,369.86	0200539229	JOSE X ORBEA A		-	Ver Detalle
369	01/09/2021	01/09/2021	NOTA DE DEBITO	901002565979	IMP 12% IVA SERVICIOS	MATRIZ	$0.55	$349,374.42	$349,374.42	0200539229	JOSE X ORBEA A		-	Ver Detalle
